2159 3481
958 190 1235 230 -16-

230 329 323 356 nem
354 315 517 369 culpam
549 327 796 368 causamque
826 315 1069 368 posuisset«,
1107 314 1197 356 vide
1229 328 1279 356 ne
1310 318 1477 369 propter
1514 314 1624 358 hunc
1653 316 1787 370 ipsum
1817 316 1963 367 locum,

229 399 350 437 quem
380 384 647 425 tractavimus
677 382 882 424 addiderit
917 382 1139 424 »fraudis«.

341 453 434 494 Iam
455 452 604 494 accedo
626 451 679 493 ad
700 456 834 492 ortum
857 453 1017 505 generis
1035 451 1218 504 humani,
1247 466 1369 506 quem
1389 453 1578 506 exposuit
1589 452 1712 494 Plato
1743 468 1835 507 pag.
1851 454 1962 497 410.

230 522 385 575 Opifex
415 521 493 573 ille,
537 521 606 575 qui
652 520 801 562 dicitur
845 518 1111 577 δημιουργός,
1154 522 1403 563 creationem
1445 521 1658 563 hominum
1695 521 1782 564 deis
1820 523 1964 565 tribuit

227 590 453 633 iunioribus
483 591 506 630 i.
538 604 571 631 e.
602 590 734 630 astris.
795 588 878 643 Qui
909 589 974 631 dei
1004 590 1209 644 quomodo
1239 590 1424 632 homines
1454 591 1692 643 creaverint,
1721 590 1964 633 describitur

226 674 319 715 pag.
349 658 458 700 43A
487 659 551 699 his
581 657 715 700 verbis
763 655 1045 712 »μιμούμενοι
1086 657 1158 701 τὸν
1186 657 1392 716 σφέτερον
1421 657 1681 715 δημιουργόν
1721 656 1860 715 πυρός
1887 659 1962 702 καὶ

227 728 303 786 γῆς
344 722 503 777 ὕδατός
546 742 592 768 τε
637 725 709 768 καὶ
758 719 885 781 οῗέρος
931 722 1027 769 ἀπὸ
1073 729 1150 770 τοῦ
1194 725 1360 781 κόσμου
1402 723 1691 782 δανειζόμενοι
1731 725 1865 784 μόρια
1905 722 1963 779 ὡς

227 790 604 852 ἅποδοθησόμενα
633 793 775 837 πάλιν
804 792 866 845 εἰς
894 792 1054 839 ταύτόν
1082 794 1136 838 τὰ
1166 794 1469 851 λαμβανόμενα
1498 794 1756 850 ξυνεκόλλων
1791 793 1840 839 οὗ
1871 799 1963 849 τοῖς

227 862 461 915 ἀλύτοις,
493 858 558 914 οἷς
590 856 713 906 αἰτοῖ
745 861 982 917 ξυνείχοντο
1013 864 1202 918 δεσμοῖς,
1233 860 1347 907 α’λλὰ
1366 864 1440 907 διὰ
1461 861 1730 922 σμικρότητα
1760 860 1964 919 ἆοροῖτοις

227 936 448 984 πυκνοῖς
497 927 719 989 γόμφοις
768 927 1122 989 ξὐντήκοντες,
1178 930 1222 975 ἓν
1271 933 1319 986 ἐξ
1363 930 1574 976 ἁπάντων
1623 929 1963 991 ἀπεργαζόμενοι

226 1005 352 1057 σῶμα
382 999 577 1053 ἕκαστον,
621 1000 700 1051 τὰς
730 1003 806 1058 τῆς
834 998 1064 1044 ἀθανάτου
1098 1002 1236 1060 ψυχῆς
1265 999 1497 1057 περιόδους
1537 999 1706 1045 ἓνέόουν
1745 1000 1807 1054 εἷς
1835 1000 1962 1059 ἐπίρ-

226 1087 348 1127 ρυτον
387 1073 516 1125 σῶμα
555 1069 629 1112 καὶ
668 1066 926 1126 ἀπόρρυτον.
989 1071 1135 1113 Cicero
1166 1072 1289 1113 vertit
1320 1075 1344 1125 ᾖ
1375 1074 1426 1113 47
1470 1073 1704 1115 »imitantes
1734 1074 1962 1127 genitorem

224 1146 266 1183 et
285 1141 528 1183 effectorem
549 1141 611 1181 sui
633 1140 858 1194 particulas
889 1141 995 1193 ignis
1025 1144 1068 1181 et
1096 1145 1230 1182 berrae
1261 1144 1304 1182 et
1334 1155 1465 1194 aquae
1496 1145 1539 1182 et
1558 1142 1720 1184 animae
1752 1157 1778 1183 a
1796 1142 1962 1194 mundo,

224 1225 326 1264 quas
364 1223 504 1251 rursus
543 1208 773 1260 redderent,
817 1209 1115 1250 mutuabantur
1155 1223 1305 1264 easque
1344 1212 1452 1251 inter
1490 1224 1533 1251 se
1572 1210 1823 1265 copulabant
1850 1211 1962 1253 haud

224 1279 378 1321 isdem
418 1278 603 1330 vinculis,
647 1276 795 1331 quibus
826 1278 902 1332 ipsi
933 1282 1054 1319 erant
1081 1278 1263 1332 colligati
1295 1278 1368 1320 sed
1397 1278 1561 1331 talibus,
1601 1293 1708 1333 quae
1739 1280 1849 1321 cerni
1879 1294 1962 1321 non

224 1352 392 1403 possent
420 1351 587 1401 propter
604 1347 863 1401 parvitatem,
894 1346 1044 1389 crebris
1065 1348 1181 1401 quasi
1214 1347 1437 1389 cuneolis
1466 1348 1802 1402 illiquefactis
1834 1363 1961 1390 unum

223 1416 466 1459 efficiebant
505 1430 555 1456 ex
585 1415 774 1457 omnibus
813 1430 960 1470 corpus
1005 1420 1128 1470 atque
1174 1417 1215 1457 in
1259 1430 1307 1458 eo
1349 1416 1551 1458 influente
1595 1421 1718 1471 atque
1759 1417 1961 1459 effluente

223 1486 350 1528 animi
392 1485 520 1527 divini
562 1484 742 1526 ambitus
787 1484 1029 1538 illigabant«
1075 1487 1257 1539 (10096).
1318 1484 1463 1528 Cicero
1508 1486 1618 1540 quod
1659 1486 1761 1528 dicit
1808 1487 1960 1529 »haud

224 1555 380 1597 isdem
419 1554 664 1595 vinculis«
708 1553 869 1595 videtur
912 1554 1060 1608 legisse
1106 1551 1191 1595 »οὗ
1226 1556 1339 1605 τοῖς
1377 1550 1555 1606 αὐτοῖς
1585 1588 1593 1596 .
1625 1587 1633 1597 .
1663 1587 1672 1596 .
1703 1555 1959 1609 ὄεσμοῖς<<.

223 1623 366 1678 Atque
410 1623 469 1664 sic
512 1623 677 1676 quidem
722 1623 808 1677 ipse
850 1622 974 1664 Plato
1016 1623 1192 1665 fortasse
1238 1624 1417 1678 scripsit;
1463 1638 1595 1678 neque
1635 1625 1745 1666 enim
1789 1620 1961 1676 ἀλύτοις

224 1693 398 1746 δεσμοῖς
427 1691 494 1734 dei
524 1691 706 1745 colligati
736 1695 850 1743 sunt3
882 1692 1018 1744 immo.
1049 1692 1211 1734 dixerat
1241 1707 1366 1747 supra
1395 1697 1514 1747 pater
1543 1693 1713 1735 deorum
1746 1690 1959 1750 »ἐπείπερ

222 1760 464 1817 γεγένησθε,
510 1755 732 1802 ἅθάνατοι
771 1759 849 1814 μὲν
891 1755 970 1803 οὐκ
1001 1759 1095 1802 ε’στὲ
1138 1753 1249 1804 οὐδ’
1285 1756 1467 1803 &tvvm
1502 1759 1552 1804 τὸ
1585 1757 1800 1815 adunent,-
1842 1762 1959 1815 4113,

222 1835 363 1872 tamen
403 1844 484 1871 non
523 1830 807 1882 dissolventur,
848 1831 946 1883 quia
987 1831 1199 1872 voluntate
1229 1830 1390 1885 opificis
1429 1832 1544 1885 quasi
1575 1832 1737 1874 vinculo
1767 1835 1961 1873 tenentur

223 1900 291 1953 (cf.
323 1900 400 1957 τῆς
429 1896 536 1956 ἐμῆς
563 1896 809 1956 βουλήσεως
838 1896 1034 1952 μείζονος
1066 1898 1227 1953 δεσμοῦ
1258 1896 1457 1951 λαχόντες
1486 1902 1537 1941 41
1553 1899 1619 1955 Β).
1680 1900 1832 1943 Cetera
1860 1915 1959 1942 num

223 1974 319 2023 apte
349 1968 504 2010 tralata
534 1969 618 2009 sint
646 1967 698 2009 ab
729 1969 952 2022 interprete
983 1968 1079 2009 licet
1107 1968 1316 2020 dubitare3
1348 1968 1516 2010 verbum
1547 1970 1656 2010 enim
1686 1984 1723 2023 q.
1753 1984 1785 2011 e.
1818 1966 1959 2026 ξυντή-

223 2053 313 2079 κειν
351 2037 429 2079 hoc
469 2038 557 2079 loco
597 2036 808 2091 significat
847 2037 954 2079 idem
985 2037 1072 2078 fere
1109 2037 1218 2091 quod
1268 2038 1614 2092 »conglutinare«.
1674 2037 1792 2080 Dicit
1835 2039 1961 2093 igitur

223 2106 346 2148 Plato
385 2107 566 2148 cuneolis
608 2107 848 2148 coniunctas
888 2107 1017 2148 teneri
1062 2107 1154 2148 illas
1195 2107 1420 2160 particulas
1460 2107 1768 2149 elementorum.
1826 2108 1959 2162 Atqui

228 2175 527 2229 »illiquefacio«
576 2175 635 2216 nil
679 2175 793 2216 aliud
838 2175 1051 2229 significat
1090 2190 1214 2229 quam
1272 2176 1448 2228 »facere‚
1494 2180 1543 2217 ut
1585 2190 1650 2218 res
1694 2175 1954 2218 dilabantur«

223 2245 414 2298 (»fl1‘issig
455 2244 683 2297 machen«).
753 2243 958 2285 Homines
1004 2245 1224 2286 immortali
1270 2246 1407 2286 animo
1449 2244 1657 2299 praeditos
1699 2259 1788 2287 esse
1832 2246 1962 2287 voluit

223 2328 407 2355 summus
437 2314 505 2355 ille
535 2314 711 2355 universi
744 2317 898 2355 auctor.
954 2313 1103 2367 Itaque
1141 2315 1238 2368 ipse,
1285 2318 1332 2355 ut
1367 2318 1430 2355 est
1467 2318 1586 2368 pater
1627 2315 1959 2367 immortalitatis,

222 2382 344 2424 huius
374 2383 499 2424 animi
532 2383 689 2423 semina
719 2382 864 2424 tribuit
892 2382 1162 2424 daemonibus
1190 2408 1245 2413 —-
1275 2384 1333 2424 sic
1370 2383 1479 2424 enim
1509 2383 1772 2437 appellantur
1808 2398 1834 2424 a
1863 2382 1959 2424 Pla-

223 2456 319 2493 tone
350 2477 401 2482 -
434 2451 498 2492 his
538 2451 671 2493 verbis
711 2465 825 2493 usus:
871 2447 976 2492 καθ’
1013 2444 1113 2493 ὅσον
1153 2449 1232 2505 μὲν
1272 2444 1414 2493 αιῗτῶν
1455 2447 1696 2503 ἀθανάτοις
1737 2446 1959 2506 ὁμώνυμον

224 2514 335 2562 εἶναι
367 2514 596 2576 προσήκει,
629 2522 755 2562 θεῖον
787 2517 1013 2575 λεγόμενον
1043 2516 1277 2577 ἡγεμονοῦν
1307 2536 1354 2563 τε
1384 2520 1426 2563 ἐν
1457 2517 1605 2571 αὐτοῖς
1625 2520 1712 2562 τῶν
1741 2516 1808 2563 ἀεὶ
1841 2519 1959 2578 δίκηι

224 2587 298 2630 καὶ
343 2584 442 2642 ὑμῖν
486 2585 726 2631 ἐθελόντων
773 2587 989 2640 ἕπεσθαι,
1042 2587 1228 2644 σπείρας
1272 2589 1346 2632 καὶ
1390 2585 1686 2645 ὑπαρξάμενος
1731 2585 1833 2642 ὑμῖν
1878 2586 1959 2646 ἐγώ

225 2657 500 2712 παραδιόσω<<
546 2660 597 2699 41
613 2657 659 2700 C.
719 2657 854 2709 Patet,
898 2658 996 2712 quid
1043 2660 1097 2699 sit
1136 2659 1238 2701 illud
1275 2653 1502 2712 ὁμώνυμον
1545 2655 1804 2709 ἀθανάτοις,
1849 2660 1960 2713 quod

224 2728 351 2768 θεῖον
382 2721 615 2782 ἡγεμονοῦν
644 2742 690 2768 τε
719 2727 885 2768 dicitur:
916 2732 980 2768 est
999 2728 1171 2769 animus.
1232 2727 1318 2770 Sed
1338 2727 1560 2779 videamus,
1589 2728 1792 2781 quomodo
1822 2742 1887 2770 res
1917 2742 1959 2770 se

224 2795 376 2837 habeat
405 2795 514 2849 apud
546 2797 809 2849 interpretem
855 2797 918 2837 »in
960 2796 1118 2850 quibus,
1163 2798 1229 2850 qui
1275 2797 1379 2838 tales
1416 2796 1673 2849 creabuntur,
1716 2801 1762 2838 ut
1790 2796 1958 2838 deorum

226 2864 516 2906 immortalium
547 2865 665 2918 quasi
694 2865 869 2918 gentiles
899 2879 986 2906 esse
1017 2865 1206 2917 debeant,
1236 2865 1361 2907 divini
1395 2867 1556 2919 generis
1581 2865 1863 2920 appellentur«
1890 2898 1927 2906 ..
1951 2897 1958 2906 .

225 2932 339 2986 Ergo
370 2934 444 2986 ipsi
476 2933 662 2974 homines
699 2933 825 2975 divini
866 2935 1027 2987 generis
1063 2935 1335 2988 appellantur.
1395 2934 1583 2986 Accedit,
1627 2933 1736 2988 quod
1774 2934 1960 2976 homines

226 3001 347 3043 iidem
383 3003 588 3043 »omnium
620 3003 892 3043 animantium
924 3003 1198 3057 principatum
1230 3007 1418 3054 teiient«3
1456 3005 1591 3058 pergit
1619 3004 1727 3044 enim
1759 3003 1960 3056 interpres

229 3073 501 3123 »teneantque
532 3096 586 3100 -—
618 3072 931 3124 principatum«.
993 3071 1125 3126 Atqui
1167 3072 1276 3126 apud
1315 3071 1532 3114 Platonem
1574 3072 1735 3113 animus
1773 3075 1846 3123 est,
1889 3072 1958 3125 qui

225 3131 423 3194 ἦγεμονεῖ
454 3164 508 3169 —
538 3140 578 3179 in
610 3139 774 3180 homine
806 3140 972 3181 scilicet.
1033 3139 1188 3182 Mirum
1222 3142 1346 3194 igitur
1376 3142 1414 3181 in
1449 3140 1613 3182 modum
1654 3139 1706 3181 ab
1737 3140 1959 3193 interprete
