<?xml version="1.0" encoding="UTF-8"?>
<!DOCTYPE html PUBLIC "-//W3C//DTD XHTML 1.0 Transitional//EN"
    "http://www.w3.org/TR/xhtml1/DTD/xhtml1-transitional.dtd">
<html xmlns="http://www.w3.org/1999/xhtml" xml:lang="en" lang="en">
 <head>
  <title>
</title>
<meta http-equiv="Content-Type" content="text/html;charset=utf-8" />
  <meta name='ocr-system' content='tesseract 3.04.00' />
  <meta name='ocr-capabilities' content='ocr_page ocr_carea ocr_par ocr_line ocrx_word'/>
</head>
<body>
  <div class='ocr_page' id='page_1' title='image "./deciceroneinterp00atzeuoft_0042.png"; bbox 0 0 2159 3481; ppageno 0'>
   <div class='ocr_carea' id='block_1_1' title="bbox 943 90 1238 130">
    <p class='ocr_par' dir='ltr' id='par_1_1' title="bbox 943 90 1238 130">
     <span class='ocr_line' id='line_1_1' title="bbox 943 90 1238 130; baseline 0.01 -2"><span class='ocrx_word' id='word_1_1' title='bbox 943 91 1012 118; x_wconf 51' lang='lat'>⁴-</span> <span class='ocrx_word' id='word_1_2' title='bbox 1070 90 1238 130; x_wconf 74' lang='lat'>40-</span> 
     </span>
    </p>
   </div>
   <div class='ocr_carea' id='block_1_2' title="bbox 224 209 1967 2820">
    <p class='ocr_par' dir='ltr' id='par_1_2' title="bbox 224 209 1967 2820">
     <span class='ocr_line' id='line_1_2' title="bbox 227 209 1964 270; baseline 0.006 -21"><span class='ocrx_word' id='word_1_3' title='bbox 227 222 379 262; x_wconf 87' lang='lat' dir='ltr'>genera</span> <span class='ocrx_word' id='word_1_4' title='bbox 425 209 630 251; x_wconf 79' lang='lat' dir='ltr'>discerno:</span> <span class='ocrx_word' id='word_1_5' title='bbox 680 215 845 252; x_wconf 84' lang='lat' dir='ltr'>exstant</span> <span class='ocrx_word' id='word_1_6' title='bbox 889 213 1066 265; x_wconf 89' lang='lat' dir='ltr'>primum</span> <span class='ocrx_word' id='word_1_7' title='bbox 1113 217 1260 255; x_wconf 89' lang='lat' dir='ltr'>acutae</span> <span class='ocrx_word' id='word_1_8' title='bbox 1304 215 1592 267; x_wconf 75' lang='lat' dir='ltr'>sententiolae,</span> <span class='ocrx_word' id='word_1_9' title='bbox 1641 216 1788 270; x_wconf 89' lang='lat' dir='ltr'>quibus</span> <span class='ocrx_word' id='word_1_10' title='bbox 1833 219 1964 260; x_wconf 87' lang='lat' dir='ltr'>oratio</span> 
     </span>
     <span class='ocr_line' id='line_1_3' title="bbox 228 279 1964 332; baseline 0.006 -14"><span class='ocrx_word' id='word_1_11' title='bbox 228 282 440 332; x_wconf 82' lang='lat' dir='ltr'>tamquam</span> <span class='ocrx_word' id='word_1_12' title='bbox 471 279 695 321; x_wconf 85' lang='lat' dir='ltr'>luminibus</span> <span class='ocrx_word' id='word_1_13' title='bbox 736 281 870 321; x_wconf 85' lang='lat' dir='ltr'>ornari</span> <span class='ocrx_word' id='word_1_14' title='bbox 913 284 955 322; x_wconf 88' lang='lat' dir='ltr'>et</span> <span class='ocrx_word' id='word_1_15' title='bbox 985 281 1181 323; x_wconf 88' lang='lat' dir='ltr'>illustrari</span> <span class='ocrx_word' id='word_1_16' title='bbox 1212 283 1353 324; x_wconf 80' lang='lat' dir='ltr'>soleat.</span> <span class='ocrx_word' id='word_1_17' title='bbox 1412 282 1511 324; x_wconf 87' lang='lat' dir='ltr'>Huc</span> <span class='ocrx_word' id='word_1_18' title='bbox 1550 284 1705 326; x_wconf 85' lang='lat' dir='ltr'>referas</span> <span class='ocrx_word' id='word_1_19' title='bbox 1752 284 1964 328; x_wconf 83' lang='lat' dir='ltr'>»Suavis</span> 
     </span>
     <span class='ocr_line' id='line_1_4' title="bbox 229 346 1964 406; baseline 0.005 -19"><span class='ocrx_word' id='word_1_20' title='bbox 229 346 456 388; x_wconf 86' lang='lat' dir='ltr'>laborum</span> <span class='ocrx_word' id='word_1_21' title='bbox 500 349 888 402; x_wconf 87' lang='lat' dir='ltr'>praeteritorum</span> <span class='ocrx_word' id='word_1_22' title='bbox 938 351 1207 392; x_wconf 89' lang='lat' dir='ltr'>memoria«</span> <span class='ocrx_word' id='word_1_23' title='bbox 1258 350 1326 392; x_wconf 91' lang='lat' dir='ltr'>De</span> <span class='ocrx_word' id='word_1_24' title='bbox 1366 351 1458 392; x_wconf 89' lang='lat' dir='ltr'>Fin.</span> <span class='ocrx_word' id='word_1_25' title='bbox 1489 352 1536 393; x_wconf 89' lang='lat' dir='ltr'>H</span> <span class='ocrx_word' id='word_1_26' title='bbox 1580 354 1603 406; x_wconf 63' lang='grc' dir='ltr'><em>ξ</em></span> <span class='ocrx_word' id='word_1_27' title='bbox 1637 355 1716 395; x_wconf 87' lang='grc'>105</span> <span class='ocrx_word' id='word_1_28' title='bbox 1753 376 1797 388; x_wconf 89' lang='lat'>=</span> <span class='ocrx_word' id='word_1_29' title='bbox 1837 347 1964 396; x_wconf 76' lang='grc' dir='ltr'><strong><em>»ἄλλ’</em></strong></span> 
     </span>
     <span class='ocr_line' id='line_1_5' title="bbox 230 409 1964 475; baseline 0.006 -20"><span class='ocrx_word' id='word_1_30' title='bbox 230 409 310 470; x_wconf 74' lang='grc' dir='ltr'>ἡδύ</span> <span class='ocrx_word' id='word_1_31' title='bbox 341 430 410 457; x_wconf 80' lang='grc' dir='ltr'>τοι</span> <span class='ocrx_word' id='word_1_32' title='bbox 441 414 644 458; x_wconf 65' lang='grc' dir='ltr'><em>σωθέντα</em></span> <span class='ocrx_word' id='word_1_33' title='bbox 672 419 925 473; x_wconf 73' lang='grc' dir='ltr'><em>μεμνῆσθαι</em></span> <span class='ocrx_word' id='word_1_34' title='bbox 959 415 1144 471; x_wconf 74' lang='grc' dir='ltr'>πόνων&lt;&lt;,</span> <span class='ocrx_word' id='word_1_35' title='bbox 1176 420 1238 461; x_wconf 86' lang='lat' dir='ltr'>vel</span> <span class='ocrx_word' id='word_1_36' title='bbox 1266 420 1416 462; x_wconf 90' lang='lat' dir='ltr'>»bene</span> <span class='ocrx_word' id='word_1_37' title='bbox 1445 422 1528 475; x_wconf 87' lang='lat' dir='ltr'>qui</span> <span class='ocrx_word' id='word_1_38' title='bbox 1560 423 1777 464; x_wconf 83' lang='lat' dir='ltr'>coniciet</span> <span class='ocrx_word' id='word_1_39' title='bbox 1805 428 1964 466; x_wconf 85' lang='lat' dir='ltr'>vatem</span> 
     </span>
     <span class='ocr_line' id='line_1_6' title="bbox 226 483 1963 546; baseline 0.006 -22"><span class='ocrx_word' id='word_1_40' title='bbox 226 483 355 525; x_wconf 90' lang='grc'>1111110</span> <span class='ocrx_word' id='word_1_41' title='bbox 396 485 665 538; x_wconf 87' lang='lat' dir='ltr'>perhibebo</span> <span class='ocrx_word' id='word_1_42' title='bbox 706 487 974 540; x_wconf 88' lang='lat' dir='ltr'>optimum«</span> <span class='ocrx_word' id='word_1_43' title='bbox 1015 508 1059 522; x_wconf 91' lang='lat'>=-</span> <span class='ocrx_word' id='word_1_44' title='bbox 1099 484 1276 541; x_wconf 81' lang='grc' dir='ltr'><em>»μάντις</em></span> <span class='ocrx_word' id='word_1_45' title='bbox 1322 483 1360 543; x_wconf 78' lang='grc' dir='ltr'>γ’</span> <span class='ocrx_word' id='word_1_46' title='bbox 1404 483 1592 542; x_wconf 69' lang='grc' dir='ltr'>ἄριστος,</span> <span class='ocrx_word' id='word_1_47' title='bbox 1638 485 1761 542; x_wconf 79' lang='grc' dir='ltr'><em>ὅστις</em></span> <span class='ocrx_word' id='word_1_48' title='bbox 1802 489 1963 546; x_wconf 76' lang='grc' dir='ltr'><em>εἰκάζει</em></span> 
     </span>
     <span class='ocr_line' id='line_1_7' title="bbox 228 552 1964 611; baseline 0.006 -18"><span class='ocrx_word' id='word_1_49' title='bbox 228 552 394 603; x_wconf 58' lang='grc' dir='ltr'>καλῶς(</span> <span class='ocrx_word' id='word_1_50' title='bbox 437 553 488 595; x_wconf 92' lang='lat' dir='ltr'>de</span> <span class='ocrx_word' id='word_1_51' title='bbox 518 554 596 596; x_wconf 79' lang='lat' dir='ltr'>djv.</span> <span class='ocrx_word' id='word_1_52' title='bbox 628 554 676 595; x_wconf 88' lang='lat' dir='ltr'>H</span> <span class='ocrx_word' id='word_1_53' title='bbox 708 557 732 608; x_wconf 61' lang='grc' dir='ltr'><strong>ἕ</strong></span> <span class='ocrx_word' id='word_1_54' title='bbox 768 556 830 607; x_wconf 81' lang='lat'>12,</span> <span class='ocrx_word' id='word_1_55' title='bbox 875 556 938 597; x_wconf 89' lang='lat' dir='ltr'>vel</span> <span class='ocrx_word' id='word_1_56' title='bbox 984 557 1169 598; x_wconf 89' lang='lat' dir='ltr'>»iuravi</span> <span class='ocrx_word' id='word_1_57' title='bbox 1213 557 1401 611; x_wconf 88' lang='lat' dir='ltr'>lingua,</span> <span class='ocrx_word' id='word_1_58' title='bbox 1441 563 1650 600; x_wconf 85' lang='lat' dir='ltr'>mentem</span> <span class='ocrx_word' id='word_1_59' title='bbox 1692 561 1964 603; x_wconf 86' lang='lat' dir='ltr'>iniuratam</span> 
     </span>
     <span class='ocr_line' id='line_1_8' title="bbox 226 618 1962 684; baseline 0.006 -22"><span class='ocrx_word' id='word_1_60' title='bbox 226 635 365 675; x_wconf 85' lang='lat' dir='ltr'>gero«</span> <span class='ocrx_word' id='word_1_61' title='bbox 405 643 449 656; x_wconf 90' lang='lat'><strong><em>=</em></strong></span> <span class='ocrx_word' id='word_1_62' title='bbox 489 618 669 677; x_wconf 77' lang='grc' dir='ltr'><em>&gt;&gt;γλῶσσ’</em></span> <span class='ocrx_word' id='word_1_63' title='bbox 707 618 901 677; x_wconf 54' lang='grc' dir='ltr'><em>ὀμώμοί</em></span> <span class='ocrx_word' id='word_1_64' title='bbox 942 620 967 682; x_wconf 79' lang='grc' dir='ltr'>ἡ</span> <span class='ocrx_word' id='word_1_65' title='bbox 998 623 1046 666; x_wconf 77' lang='grc' dir='ltr'>δὲ</span> <span class='ocrx_word' id='word_1_66' title='bbox 1075 620 1186 682; x_wconf 79' lang='grc' dir='ltr'><strong><em>φρὴν</em></strong></span> <span class='ocrx_word' id='word_1_67' title='bbox 1221 621 1482 679; x_wconf 79' lang='grc' dir='ltr'><em>ἀνώμοτος&lt;&lt;.</em></span> <span class='ocrx_word' id='word_1_68' title='bbox 1543 627 1669 670; x_wconf 87' lang='lat' dir='ltr'>Patet</span> <span class='ocrx_word' id='word_1_69' title='bbox 1698 630 1962 684; x_wconf 84' lang='lat' dir='ltr'>interpretem</span> 
     </span>
     <span class='ocr_line' id='line_1_9' title="bbox 229 690 1963 753; baseline 0.006 -22"><span class='ocrx_word' id='word_1_70' title='bbox 229 690 268 731; x_wconf 90' lang='lat' dir='ltr'>id</span> <span class='ocrx_word' id='word_1_71' title='bbox 299 694 463 732; x_wconf 86' lang='lat' dir='ltr'>tantum</span> <span class='ocrx_word' id='word_1_72' title='bbox 494 696 698 746; x_wconf 88' lang='lat' dir='ltr'>spectare,</span> <span class='ocrx_word' id='word_1_73' title='bbox 749 698 795 735; x_wconf 84' lang='lat' dir='ltr'>ut</span> <span class='ocrx_word' id='word_1_74' title='bbox 836 694 971 735; x_wconf 85' lang='lat' dir='ltr'>missis</span> <span class='ocrx_word' id='word_1_75' title='bbox 1016 694 1260 749; x_wconf 80' lang='lat' dir='ltr'>ambagibus</span> <span class='ocrx_word' id='word_1_76' title='bbox 1302 695 1555 738; x_wconf 87' lang='lat' dir='ltr'>coloribusve</span> <span class='ocrx_word' id='word_1_77' title='bbox 1595 702 1718 752; x_wconf 87' lang='lat' dir='ltr'>apte</span> <span class='ocrx_word' id='word_1_78' title='bbox 1761 699 1963 753; x_wconf 89' lang='lat' dir='ltr'>loquatur.</span> 
     </span>
     <span class='ocr_line' id='line_1_10' title="bbox 226 758 1965 821; baseline 0.005 -21"><span class='ocrx_word' id='word_1_79' title='bbox 226 758 455 814; x_wconf 81' lang='lat' dir='ltr'>Popularia</span> <span class='ocrx_word' id='word_1_80' title='bbox 474 761 583 802; x_wconf 90' lang='lat' dir='ltr'>enim</span> <span class='ocrx_word' id='word_1_81' title='bbox 605 766 701 803; x_wconf 88' lang='lat' dir='ltr'>sunt</span> <span class='ocrx_word' id='word_1_82' title='bbox 722 763 812 815; x_wconf 90' lang='lat' dir='ltr'>ista,</span> <span class='ocrx_word' id='word_1_83' title='bbox 847 764 1200 817; x_wconf 87' lang='lat' dir='ltr'>»popularibus</span> <span class='ocrx_word' id='word_1_84' title='bbox 1231 769 1393 806; x_wconf 86' lang='lat' dir='ltr'>autem</span> <span class='ocrx_word' id='word_1_85' title='bbox 1423 765 1585 807; x_wconf 90' lang='lat' dir='ltr'>verbis</span> <span class='ocrx_word' id='word_1_86' title='bbox 1615 771 1690 808; x_wconf 88' lang='lat' dir='ltr'>est</span> <span class='ocrx_word' id='word_1_87' title='bbox 1720 767 1965 821; x_wconf 87' lang='lat' dir='ltr'>agendum</span> 
     </span>
     <span class='ocr_line' id='line_1_11' title="bbox 227 829 1965 889; baseline 0.006 -21"><span class='ocrx_word' id='word_1_88' title='bbox 227 832 273 869; x_wconf 88' lang='lat' dir='ltr'>et</span> <span class='ocrx_word' id='word_1_89' title='bbox 312 829 534 881; x_wconf 87' lang='lat' dir='ltr'>usitatis,</span> <span class='ocrx_word' id='word_1_90' title='bbox 587 845 691 872; x_wconf 89' lang='lat' dir='ltr'>cum</span> <span class='ocrx_word' id='word_1_91' title='bbox 734 831 981 885; x_wconf 89' lang='lat' dir='ltr'>loquimur</span> <span class='ocrx_word' id='word_1_92' title='bbox 1026 833 1086 875; x_wconf 92' lang='lat' dir='ltr'>de</span> <span class='ocrx_word' id='word_1_93' title='bbox 1126 834 1358 888; x_wconf 89' lang='lat' dir='ltr'>opinione</span> <span class='ocrx_word' id='word_1_94' title='bbox 1403 835 1669 889; x_wconf 78' lang='lat' dir='ltr'>populari«</span> <span class='ocrx_word' id='word_1_95' title='bbox 1719 836 1770 878; x_wconf 87' lang='lat' dir='ltr'>de</span> <span class='ocrx_word' id='word_1_96' title='bbox 1812 836 1885 879; x_wconf 79' lang='lat' dir='ltr'>off.</span> <span class='ocrx_word' id='word_1_97' title='bbox 1916 838 1965 879; x_wconf 89' lang='grc' dir='ltr'>Π</span> 
     </span>
     <span class='ocr_line' id='line_1_12' title="bbox 228 900 1964 961; baseline 0.005 -22"><span class='ocrx_word' id='word_1_98' title='bbox 228 900 251 949; x_wconf 60' lang='grc' dir='ltr'>ξ</span> <span class='ocrx_word' id='word_1_99' title='bbox 284 900 336 939; x_wconf 80' lang='lat'>35</span> <span class='ocrx_word' id='word_1_100' title='bbox 377 902 419 939; x_wconf 90' lang='lat' dir='ltr'>et</span> <span class='ocrx_word' id='word_1_101' title='bbox 461 900 696 941; x_wconf 80' lang='lat' dir='ltr'>»exornatio</span> <span class='ocrx_word' id='word_1_102' title='bbox 726 902 1092 954; x_wconf 83' lang='lat' dir='ltr'>praetermittenda</span> <span class='ocrx_word' id='word_1_103' title='bbox 1124 906 1197 954; x_wconf 90' lang='lat' dir='ltr'>est,</span> <span class='ocrx_word' id='word_1_104' title='bbox 1242 904 1272 944; x_wconf 90' lang='grc'>51</span> <span class='ocrx_word' id='word_1_105' title='bbox 1306 917 1451 957; x_wconf 90' lang='lat' dir='ltr'>parum</span> <span class='ocrx_word' id='word_1_106' title='bbox 1481 904 1663 958; x_wconf 82' lang='lat' dir='ltr'>locuples</span> <span class='ocrx_word' id='word_1_107' title='bbox 1702 905 1755 947; x_wconf 88' lang='lat' dir='ltr'>ad</span> <span class='ocrx_word' id='word_1_108' title='bbox 1785 906 1964 961; x_wconf 83' lang='lat' dir='ltr'>amplifi-</span> 
     </span>
     <span class='ocr_line' id='line_1_13' title="bbox 226 967 1610 1015; baseline 0.005 -8"><span class='ocrx_word' id='word_1_109' title='bbox 226 967 404 1008; x_wconf 86' lang='lat' dir='ltr'>candum</span> <span class='ocrx_word' id='word_1_110' title='bbox 435 972 477 1008; x_wconf 90' lang='lat' dir='ltr'>et</span> <span class='ocrx_word' id='word_1_111' title='bbox 505 968 787 1010; x_wconf 86' lang='lat' dir='ltr'>exornandum</span> <span class='ocrx_word' id='word_1_112' title='bbox 818 983 883 1010; x_wconf 89' lang='lat' dir='ltr'>res</span> <span class='ocrx_word' id='word_1_113' title='bbox 913 970 1074 1012; x_wconf 87' lang='lat' dir='ltr'>videtur</span> <span class='ocrx_word' id='word_1_114' title='bbox 1103 985 1214 1012; x_wconf 86' lang='lat' dir='ltr'>esse«</span> <span class='ocrx_word' id='word_1_115' title='bbox 1250 971 1302 1013; x_wconf 91' lang='lat' dir='ltr'>ad</span> <span class='ocrx_word' id='word_1_116' title='bbox 1334 971 1436 1013; x_wconf 89' lang='lat' dir='ltr'>Her.</span> <span class='ocrx_word' id='word_1_117' title='bbox 1466 972 1514 1013; x_wconf 84' lang='lat' dir='ltr'>II</span> <span class='ocrx_word' id='word_1_118' title='bbox 1545 975 1610 1015; x_wconf 83' lang='lat'>30.</span> 
     </span>
     <span class='ocr_line' id='line_1_14' title="bbox 340 1035 1965 1098; baseline 0.006 -21"><span class='ocrx_word' id='word_1_119' title='bbox 340 1035 412 1077; x_wconf 91' lang='lat' dir='ltr'>Ab</span> <span class='ocrx_word' id='word_1_120' title='bbox 452 1036 529 1078; x_wconf 89' lang='lat' dir='ltr'>hoc</span> <span class='ocrx_word' id='word_1_121' title='bbox 567 1051 716 1091; x_wconf 84' lang='lat' dir='ltr'>genere</span> <span class='ocrx_word' id='word_1_122' title='bbox 757 1038 913 1091; x_wconf 76' lang='lat' dir='ltr'>differt,</span> <span class='ocrx_word' id='word_1_123' title='bbox 958 1039 1068 1093; x_wconf 89' lang='lat' dir='ltr'>quod</span> <span class='ocrx_word' id='word_1_124' title='bbox 1112 1041 1291 1094; x_wconf 84' lang='lat' dir='ltr'>pertinet</span> <span class='ocrx_word' id='word_1_125' title='bbox 1334 1040 1387 1082; x_wconf 87' lang='lat' dir='ltr'>ad</span> <span class='ocrx_word' id='word_1_126' title='bbox 1427 1041 1615 1083; x_wconf 86' lang='lat' dir='ltr'>intimam</span> <span class='ocrx_word' id='word_1_127' title='bbox 1652 1042 1965 1098; x_wconf 84' lang='lat' dir='ltr'>philosophiam.</span> 
     </span>
     <span class='ocr_line' id='line_1_15' title="bbox 227 1103 1114 1162; baseline 0.003 -16"><span class='ocrx_word' id='word_1_128' title='bbox 227 1103 325 1146; x_wconf 90' lang='lat' dir='ltr'>Huc</span> <span class='ocrx_word' id='word_1_129' title='bbox 355 1109 545 1159; x_wconf 86' lang='lat' dir='ltr'>spectant</span> <span class='ocrx_word' id='word_1_130' title='bbox 574 1106 624 1148; x_wconf 93' lang='lat' dir='ltr'>de</span> <span class='ocrx_word' id='word_1_131' title='bbox 656 1110 740 1148; x_wconf 89' lang='lat' dir='ltr'>nat.</span> <span class='ocrx_word' id='word_1_132' title='bbox 771 1107 880 1149; x_wconf 89' lang='lat' dir='ltr'>deor.</span> <span class='ocrx_word' id='word_1_133' title='bbox 911 1107 960 1149; x_wconf 84' lang='lat' dir='ltr'>II</span> <span class='ocrx_word' id='word_1_134' title='bbox 993 1110 1016 1162; x_wconf 66' lang='grc' dir='ltr'>ξ</span> <span class='ocrx_word' id='word_1_135' title='bbox 1050 1110 1114 1150; x_wconf 82' lang='lat'>65.</span> 
     </span>
     <span class='ocr_line' id='line_1_16' title="bbox 400 1173 1698 1231; baseline 0.005 -16"><span class='ocrx_word' id='word_1_136' title='bbox 400 1173 580 1216; x_wconf 86' lang='lat' dir='ltr'>»Vides</span> <span class='ocrx_word' id='word_1_137' title='bbox 610 1175 821 1218; x_wconf 88' lang='lat' dir='ltr'>sublime</span> <span class='ocrx_word' id='word_1_138' title='bbox 852 1176 1037 1228; x_wconf 80' lang='lat' dir='ltr'>fusum,</span> <span class='ocrx_word' id='word_1_139' title='bbox 1069 1177 1444 1220; x_wconf 87' lang='lat' dir='ltr'>immoderatum</span> <span class='ocrx_word' id='word_1_140' title='bbox 1475 1179 1698 1231; x_wconf 88' lang='lat' dir='ltr'>aethera,</span> 
     </span>
     <span class='ocr_line' id='line_1_17' title="bbox 401 1242 1684 1302; baseline 0.005 -18"><span class='ocrx_word' id='word_1_141' title='bbox 401 1242 520 1297; x_wconf 81' lang='lat' dir='ltr'>»Qui</span> <span class='ocrx_word' id='word_1_142' title='bbox 554 1249 736 1286; x_wconf 87' lang='lat' dir='ltr'>terram</span> <span class='ocrx_word' id='word_1_143' title='bbox 769 1249 943 1287; x_wconf 89' lang='lat' dir='ltr'>tenero</span> <span class='ocrx_word' id='word_1_144' title='bbox 974 1247 1297 1289; x_wconf 90' lang='lat' dir='ltr'>circumiectu</span> <span class='ocrx_word' id='word_1_145' title='bbox 1329 1246 1684 1302; x_wconf 81' lang='lat' dir='ltr'>amplectitur?</span> 
     </span>
     <span class='ocr_line' id='line_1_18' title="bbox 400 1312 1965 1372; baseline 0.004 -18"><span class='ocrx_word' id='word_1_146' title='bbox 400 1312 574 1355; x_wconf 78' lang='lat' dir='ltr'>»Hunc</span> <span class='ocrx_word' id='word_1_147' title='bbox 604 1328 841 1357; x_wconf 89' lang='lat' dir='ltr'>summum</span> <span class='ocrx_word' id='word_1_148' title='bbox 872 1315 1054 1357; x_wconf 87' lang='lat' dir='ltr'>habeto</span> <span class='ocrx_word' id='word_1_149' title='bbox 1085 1316 1266 1368; x_wconf 87' lang='lat' dir='ltr'>divum,</span> <span class='ocrx_word' id='word_1_150' title='bbox 1304 1316 1433 1358; x_wconf 91' lang='lat' dir='ltr'>hunc</span> <span class='ocrx_word' id='word_1_151' title='bbox 1462 1317 1724 1372; x_wconf 88' lang='lat' dir='ltr'>perhibeto</span> <span class='ocrx_word' id='word_1_152' title='bbox 1755 1318 1965 1360; x_wconf 88' lang='lat' dir='ltr'>Iovem«.</span> 
     </span>
     <span class='ocr_line' id='line_1_19' title="bbox 395 1377 1430 1440; baseline 0.003 -17"><span class='ocrx_word' id='word_1_153' title='bbox 395 1402 449 1417; x_wconf 68' lang='grc' dir='ltr'>Ξ</span> <span class='ocrx_word' id='word_1_154' title='bbox 481 1377 587 1437; x_wconf 77' lang='grc' dir='ltr'><strong><em>ὁρᾶς</em></strong></span> <span class='ocrx_word' id='word_1_155' title='bbox 615 1380 690 1425; x_wconf 82' lang='grc' dir='ltr'>τὸν</span> <span class='ocrx_word' id='word_1_156' title='bbox 722 1377 840 1438; x_wconf 48' lang='grc' dir='ltr'>11ψοῦ</span> <span class='ocrx_word' id='word_1_157' title='bbox 868 1377 989 1426; x_wconf 80' lang='grc' dir='ltr'><em>τόνδ’</em></span> <span class='ocrx_word' id='word_1_158' title='bbox 1021 1381 1237 1440; x_wconf 75' lang='grc' dir='ltr'><em>ἀπείρονα</em></span> <span class='ocrx_word' id='word_1_159' title='bbox 1269 1381 1430 1440; x_wconf 71' lang='grc' dir='ltr'><em>αἰθέρα</em></span> 
     </span>
     <span class='ocr_line' id='line_1_20' title="bbox 396 1448 1409 1509; baseline 0.004 -17"><span class='ocrx_word' id='word_1_160' title='bbox 396 1449 468 1492; x_wconf 80' lang='grc' dir='ltr'>καὶ</span> <span class='ocrx_word' id='word_1_161' title='bbox 500 1452 575 1508; x_wconf 79' lang='grc' dir='ltr'>γῆν</span> <span class='ocrx_word' id='word_1_162' title='bbox 608 1452 740 1505; x_wconf 78' lang='grc' dir='ltr'><em>πέριξ</em></span> <span class='ocrx_word' id='word_1_163' title='bbox 768 1448 899 1505; x_wconf 67' lang='grc' dir='ltr'>ἔχοντ’</span> <span class='ocrx_word' id='word_1_164' title='bbox 935 1451 1077 1509; x_wconf 73' lang='grc' dir='ltr'><em>ὑγραῖς</em></span> <span class='ocrx_word' id='word_1_165' title='bbox 1106 1450 1148 1495; x_wconf 75' lang='grc' dir='ltr'>ἐν</span> <span class='ocrx_word' id='word_1_166' title='bbox 1179 1451 1409 1509; x_wconf 77' lang='grc' dir='ltr'><em>ἆγκάλαις;</em></span> 
     </span>
     <span class='ocr_line' id='line_1_21' title="bbox 397 1515 1354 1580; baseline 0.005 -20"><span class='ocrx_word' id='word_1_167' title='bbox 397 1521 548 1562; x_wconf 78' lang='grc' dir='ltr'><em>τοῦτον</em></span> <span class='ocrx_word' id='word_1_168' title='bbox 579 1518 724 1574; x_wconf 78' lang='grc' dir='ltr'><em>νόμιζε</em></span> <span class='ocrx_word' id='word_1_169' title='bbox 754 1523 886 1579; x_wconf 80' lang='grc' dir='ltr'>Ζῆνα,</span> <span class='ocrx_word' id='word_1_170' title='bbox 917 1519 992 1564; x_wconf 81' lang='grc' dir='ltr'>τόν</span> <span class='ocrx_word' id='word_1_171' title='bbox 1025 1515 1068 1564; x_wconf 73' lang='grc' dir='ltr'>δ’</span> <span class='ocrx_word' id='word_1_172' title='bbox 1100 1518 1205 1580; x_wconf 70' lang='grc' dir='ltr'>ἡγοῦ</span> <span class='ocrx_word' id='word_1_173' title='bbox 1235 1518 1354 1565; x_wconf 72' lang='grc' dir='ltr'><strong><em>θεόν.</em></strong></span> 
     </span>
     <span class='ocr_line' id='line_1_22' title="bbox 227 1587 1966 1648; baseline 0.004 -19"><span class='ocrx_word' id='word_1_174' title='bbox 227 1587 339 1630; x_wconf 86' lang='lat' dir='ltr'>Mira</span> <span class='ocrx_word' id='word_1_175' title='bbox 380 1589 565 1643; x_wconf 82' lang='lat' dir='ltr'>profecto</span> <span class='ocrx_word' id='word_1_176' title='bbox 608 1594 730 1645; x_wconf 88' lang='lat' dir='ltr'>atque</span> <span class='ocrx_word' id='word_1_177' title='bbox 769 1591 979 1645; x_wconf 88' lang='lat' dir='ltr'>hucusque</span> <span class='ocrx_word' id='word_1_178' title='bbox 1018 1591 1136 1634; x_wconf 89' lang='lat' dir='ltr'>nobis</span> <span class='ocrx_word' id='word_1_179' title='bbox 1175 1592 1262 1634; x_wconf 81' lang='lat' dir='ltr'>fere</span> <span class='ocrx_word' id='word_1_180' title='bbox 1302 1592 1491 1634; x_wconf 85' lang='lat' dir='ltr'>inaudita</span> <span class='ocrx_word' id='word_1_181' title='bbox 1530 1592 1615 1634; x_wconf 80' lang='lat' dir='ltr'>fide</span> <span class='ocrx_word' id='word_1_182' title='bbox 1655 1595 1777 1635; x_wconf 85' lang='lat' dir='ltr'>vertit</span> <span class='ocrx_word' id='word_1_183' title='bbox 1809 1593 1966 1648; x_wconf 89' lang='lat' dir='ltr'>Cicero,</span> 
     </span>
     <span class='ocr_line' id='line_1_23' title="bbox 226 1658 1967 1717; baseline 0.004 -18"><span class='ocrx_word' id='word_1_184' title='bbox 226 1658 325 1712; x_wconf 87' lang='lat' dir='ltr'>quid</span> <span class='ocrx_word' id='word_1_185' title='bbox 357 1659 470 1700; x_wconf 87' lang='lat' dir='ltr'>aliud</span> <span class='ocrx_word' id='word_1_186' title='bbox 501 1663 702 1713; x_wconf 87' lang='lat' dir='ltr'>spectans,</span> <span class='ocrx_word' id='word_1_187' title='bbox 744 1661 820 1702; x_wconf 91' lang='lat' dir='ltr'>nisi</span> <span class='ocrx_word' id='word_1_188' title='bbox 852 1665 899 1702; x_wconf 88' lang='lat' dir='ltr'>ut</span> <span class='ocrx_word' id='word_1_189' title='bbox 927 1661 1075 1715; x_wconf 85' lang='lat' dir='ltr'>plane</span> <span class='ocrx_word' id='word_1_190' title='bbox 1106 1666 1154 1703; x_wconf 89' lang='lat' dir='ltr'>et</span> <span class='ocrx_word' id='word_1_191' title='bbox 1183 1663 1445 1717; x_wconf 89' lang='lat' dir='ltr'>perspicue</span> <span class='ocrx_word' id='word_1_192' title='bbox 1476 1662 1697 1717; x_wconf 76' lang='lat' dir='ltr'>loquatur?</span> <span class='ocrx_word' id='word_1_193' title='bbox 1757 1664 1967 1707; x_wconf 90' lang='lat' dir='ltr'>Dicuntur</span> 
     </span>
     <span class='ocr_line' id='line_1_24' title="bbox 228 1727 1966 1785; baseline 0.004 -17"><span class='ocrx_word' id='word_1_194' title='bbox 228 1729 307 1769; x_wconf 85' lang='lat' dir='ltr'>ista</span> <span class='ocrx_word' id='word_1_195' title='bbox 351 1729 526 1769; x_wconf 90' lang='lat' dir='ltr'>ieiunius</span> <span class='ocrx_word' id='word_1_196' title='bbox 558 1754 610 1758; x_wconf 92' lang='lat'><strong>—</strong></span> <span class='ocrx_word' id='word_1_197' title='bbox 642 1727 745 1770; x_wconf 78' lang='lat' dir='ltr'>cur?</span> <span class='ocrx_word' id='word_1_198' title='bbox 818 1729 977 1771; x_wconf 85' lang='lat' dir='ltr'>Iterum</span> <span class='ocrx_word' id='word_1_199' title='bbox 1023 1731 1109 1785; x_wconf 89' lang='lat' dir='ltr'>ipse</span> <span class='ocrx_word' id='word_1_200' title='bbox 1155 1731 1403 1785; x_wconf 88' lang='lat' dir='ltr'>respondeat</span> <span class='ocrx_word' id='word_1_201' title='bbox 1449 1731 1595 1774; x_wconf 84' lang='lat' dir='ltr'>Cicero</span> <span class='ocrx_word' id='word_1_202' title='bbox 1644 1738 1793 1774; x_wconf 86' lang='lat' dir='ltr'>»sunt</span> <span class='ocrx_word' id='word_1_203' title='bbox 1834 1735 1966 1775; x_wconf 89' lang='lat' dir='ltr'>enim</span> 
     </span>
     <span class='ocr_line' id='line_1_25' title="bbox 226 1798 1966 1854; baseline 0.005 -17"><span class='ocrx_word' id='word_1_204' title='bbox 226 1798 367 1851; x_wconf 83' lang='lat' dir='ltr'>quasi</span> <span class='ocrx_word' id='word_1_205' title='bbox 397 1799 557 1852; x_wconf 85' lang='lat' dir='ltr'>prima</span> <span class='ocrx_word' id='word_1_206' title='bbox 588 1798 838 1840; x_wconf 87' lang='lat' dir='ltr'>clementa</span> <span class='ocrx_word' id='word_1_207' title='bbox 869 1804 1096 1852; x_wconf 89' lang='lat' dir='ltr'>naturae,</span> <span class='ocrx_word' id='word_1_208' title='bbox 1140 1800 1320 1854; x_wconf 90' lang='lat' dir='ltr'>quibus</span> <span class='ocrx_word' id='word_1_209' title='bbox 1359 1801 1567 1843; x_wconf 80' lang='lat' dir='ltr'>ubertas</span> <span class='ocrx_word' id='word_1_210' title='bbox 1605 1803 1852 1845; x_wconf 88' lang='lat' dir='ltr'>orationis</span> <span class='ocrx_word' id='word_1_211' title='bbox 1883 1804 1966 1846; x_wconf 87' lang='lat' dir='ltr'>ad-</span> 
     </span>
     <span class='ocr_line' id='line_1_26' title="bbox 226 1866 1966 1920; baseline 0.004 -14"><span class='ocrx_word' id='word_1_212' title='bbox 226 1866 385 1907; x_wconf 88' lang='lat' dir='ltr'>hiberi</span> <span class='ocrx_word' id='word_1_213' title='bbox 417 1867 495 1907; x_wconf 86' lang='lat' dir='ltr'>vix</span> <span class='ocrx_word' id='word_1_214' title='bbox 526 1871 707 1920; x_wconf 85' lang='lat' dir='ltr'>potest.</span> <span class='ocrx_word' id='word_1_215' title='bbox 768 1868 929 1910; x_wconf 89' lang='lat' dir='ltr'>Istius</span> <span class='ocrx_word' id='word_1_216' title='bbox 959 1873 1125 1910; x_wconf 87' lang='lat' dir='ltr'>autem</span> <span class='ocrx_word' id='word_1_217' title='bbox 1156 1869 1283 1911; x_wconf 91' lang='lat' dir='ltr'>modi</span> <span class='ocrx_word' id='word_1_218' title='bbox 1326 1884 1404 1911; x_wconf 89' lang='lat' dir='ltr'>res</span> <span class='ocrx_word' id='word_1_219' title='bbox 1434 1870 1601 1912; x_wconf 88' lang='lat' dir='ltr'>dicere</span> <span class='ocrx_word' id='word_1_220' title='bbox 1632 1876 1807 1913; x_wconf 86' lang='lat' dir='ltr'>ornate</span> <span class='ocrx_word' id='word_1_221' title='bbox 1837 1872 1966 1914; x_wconf 90' lang='lat' dir='ltr'>velle</span> 
     </span>
     <span class='ocr_line' id='line_1_27' title="bbox 226 1935 1965 1994; baseline 0.005 -19"><span class='ocrx_word' id='word_1_222' title='bbox 226 1935 416 1988; x_wconf 84' lang='lat' dir='ltr'>puerile</span> <span class='ocrx_word' id='word_1_223' title='bbox 457 1940 548 1987; x_wconf 87' lang='lat' dir='ltr'>est,</span> <span class='ocrx_word' id='word_1_224' title='bbox 594 1937 742 1990; x_wconf 90' lang='lat' dir='ltr'>plane</span> <span class='ocrx_word' id='word_1_225' title='bbox 782 1942 943 1979; x_wconf 88' lang='lat' dir='ltr'>autem</span> <span class='ocrx_word' id='word_1_226' title='bbox 981 1943 1031 1979; x_wconf 91' lang='lat' dir='ltr'>et</span> <span class='ocrx_word' id='word_1_227' title='bbox 1071 1940 1333 1993; x_wconf 88' lang='lat' dir='ltr'>perspicue</span> <span class='ocrx_word' id='word_1_228' title='bbox 1373 1939 1605 1993; x_wconf 88' lang='lat' dir='ltr'>expedire</span> <span class='ocrx_word' id='word_1_229' title='bbox 1645 1954 1790 1994; x_wconf 85' lang='lat' dir='ltr'>posse</span> <span class='ocrx_word' id='word_1_230' title='bbox 1828 1941 1965 1983; x_wconf 87' lang='lat' dir='ltr'>docti</span> 
     </span>
     <span class='ocr_line' id='line_1_28' title="bbox 225 2005 1964 2058; baseline 0.004 -13"><span class='ocrx_word' id='word_1_231' title='bbox 225 2009 273 2045; x_wconf 87' lang='lat' dir='ltr'>et</span> <span class='ocrx_word' id='word_1_232' title='bbox 311 2005 663 2058; x_wconf 88' lang='lat' dir='ltr'>intellegentis</span> <span class='ocrx_word' id='word_1_233' title='bbox 704 2007 828 2047; x_wconf 77' lang='lat' dir='ltr'>viri«</span> <span class='ocrx_word' id='word_1_234' title='bbox 873 2006 941 2048; x_wconf 92' lang='lat' dir='ltr'>De</span> <span class='ocrx_word' id='word_1_235' title='bbox 972 2006 1063 2048; x_wconf 84' lang='lat' dir='ltr'>Fin.</span> <span class='ocrx_word' id='word_1_236' title='bbox 1094 2007 1168 2049; x_wconf 78' lang='lat'>111</span> <span class='ocrx_word' id='word_1_237' title='bbox 1202 2010 1264 2049; x_wconf 80' lang='lat'>19.</span> <span class='ocrx_word' id='word_1_238' title='bbox 1324 2007 1485 2049; x_wconf 87' lang='lat' dir='ltr'>Ibidem</span> <span class='ocrx_word' id='word_1_239' title='bbox 1517 2012 1682 2049; x_wconf 87' lang='lat' dir='ltr'>exstant</span> <span class='ocrx_word' id='word_1_240' title='bbox 1712 2009 1815 2051; x_wconf 89' lang='lat' dir='ltr'>haec</span> <span class='ocrx_word' id='word_1_241' title='bbox 1847 2008 1964 2052; x_wconf 84' lang='lat' dir='ltr'>Cice-</span> 
     </span>
     <span class='ocr_line' id='line_1_29' title="bbox 225 2074 1964 2132; baseline 0.005 -19"><span class='ocrx_word' id='word_1_242' title='bbox 225 2074 335 2114; x_wconf 89' lang='lat' dir='ltr'>ronis</span> <span class='ocrx_word' id='word_1_243' title='bbox 380 2074 505 2115; x_wconf 84' lang='lat' dir='ltr'>verba</span> <span class='ocrx_word' id='word_1_244' title='bbox 554 2079 921 2117; x_wconf 85' lang='lat' dir='ltr'>»verumtamen</span> <span class='ocrx_word' id='word_1_245' title='bbox 965 2090 1069 2118; x_wconf 89' lang='lat' dir='ltr'>cum</span> <span class='ocrx_word' id='word_1_246' title='bbox 1114 2077 1170 2119; x_wconf 92' lang='lat' dir='ltr'>de</span> <span class='ocrx_word' id='word_1_247' title='bbox 1213 2076 1360 2119; x_wconf 89' lang='lat' dir='ltr'>rebus</span> <span class='ocrx_word' id='word_1_248' title='bbox 1405 2077 1762 2131; x_wconf 85' lang='lat' dir='ltr'>grandioribus</span> <span class='ocrx_word' id='word_1_249' title='bbox 1808 2078 1964 2132; x_wconf 80' lang='lat' dir='ltr'>dicas,</span> 
     </span>
     <span class='ocr_line' id='line_1_30' title="bbox 227 2143 1963 2202; baseline 0.003 -19"><span class='ocrx_word' id='word_1_250' title='bbox 227 2143 362 2196; x_wconf 85' lang='lat' dir='ltr'>ipsae</span> <span class='ocrx_word' id='word_1_251' title='bbox 411 2158 488 2184; x_wconf 87' lang='lat' dir='ltr'>res</span> <span class='ocrx_word' id='word_1_252' title='bbox 536 2144 686 2185; x_wconf 89' lang='lat' dir='ltr'>verba</span> <span class='ocrx_word' id='word_1_253' title='bbox 734 2146 954 2199; x_wconf 87' lang='lat' dir='ltr'>rapiunt:</span> <span class='ocrx_word' id='word_1_254' title='bbox 1015 2147 1086 2187; x_wconf 89' lang='lat' dir='ltr'>ita</span> <span class='ocrx_word' id='word_1_255' title='bbox 1146 2146 1211 2188; x_wconf 82' lang='lat' dir='ltr'>fit</span> <span class='ocrx_word' id='word_1_256' title='bbox 1261 2160 1366 2188; x_wconf 90' lang='lat' dir='ltr'>cum</span> <span class='ocrx_word' id='word_1_257' title='bbox 1414 2147 1615 2200; x_wconf 86' lang='lat' dir='ltr'>gravior</span> <span class='ocrx_word' id='word_1_258' title='bbox 1664 2148 1963 2202; x_wconf 60' lang='grc' dir='ltr'>11110ξο110111</span> 
     </span>
     <span class='ocr_line' id='line_1_31' title="bbox 225 2212 1960 2270; baseline 0.004 -19"><span class='ocrx_word' id='word_1_259' title='bbox 225 2212 540 2265; x_wconf 86' lang='lat' dir='ltr'>splendidior</span> <span class='ocrx_word' id='word_1_260' title='bbox 585 2214 793 2256; x_wconf 83' lang='lat' dir='ltr'>oratio«.</span> <span class='ocrx_word' id='word_1_261' title='bbox 854 2213 1000 2256; x_wconf 88' lang='lat' dir='ltr'>Habes</span> <span class='ocrx_word' id='word_1_262' title='bbox 1039 2219 1180 2257; x_wconf 88' lang='lat' dir='ltr'>notam</span> <span class='ocrx_word' id='word_1_263' title='bbox 1219 2216 1341 2257; x_wconf 87' lang='lat' dir='ltr'>tertio</span> <span class='ocrx_word' id='word_1_264' title='bbox 1378 2216 1517 2269; x_wconf 86' lang='lat' dir='ltr'>generi</span> <span class='ocrx_word' id='word_1_265' title='bbox 1559 2216 1881 2270; x_wconf 79' lang='lat' dir='ltr'>accomodatam,</span> <span class='ocrx_word' id='word_1_266' title='bbox 1925 2219 1960 2259; x_wconf 92' lang='grc'>01</span> 
     </span>
     <span class='ocr_line' id='line_1_32' title="bbox 224 2281 1962 2339; baseline 0.003 -18"><span class='ocrx_word' id='word_1_267' title='bbox 224 2281 388 2333; x_wconf 87' lang='grc'>50111001,</span> <span class='ocrx_word' id='word_1_268' title='bbox 419 2282 459 2321; x_wconf 87' lang='grc'>111</span> <span class='ocrx_word' id='word_1_269' title='bbox 490 2296 570 2335; x_wconf 82' lang='grc'>(1110</span> <span class='ocrx_word' id='word_1_270' title='bbox 601 2287 780 2324; x_wconf 87' lang='lat' dir='ltr'>ornata</span> <span class='ocrx_word' id='word_1_271' title='bbox 810 2284 1044 2338; x_wconf 88' lang='lat' dir='ltr'>interpretis</span> <span class='ocrx_word' id='word_1_272' title='bbox 1075 2289 1138 2326; x_wconf 89' lang='lat' dir='ltr'>est</span> <span class='ocrx_word' id='word_1_273' title='bbox 1158 2285 1299 2326; x_wconf 85' lang='lat' dir='ltr'>oratio.</span> <span class='ocrx_word' id='word_1_274' title='bbox 1361 2283 1490 2327; x_wconf 82' lang='lat' dir='ltr'>Cuius</span> <span class='ocrx_word' id='word_1_275' title='bbox 1512 2285 1675 2339; x_wconf 87' lang='lat' dir='ltr'>generis</span> <span class='ocrx_word' id='word_1_276' title='bbox 1705 2290 1802 2326; x_wconf 91' lang='lat' dir='ltr'>sunt</span> <span class='ocrx_word' id='word_1_277' title='bbox 1822 2299 1962 2327; x_wconf 89' lang='lat' dir='ltr'>versus</span> 
     </span>
     <span class='ocr_line' id='line_1_33' title="bbox 229 2349 1962 2409; baseline 0.006 -23"><span class='ocrx_word' id='word_1_278' title='bbox 229 2349 346 2390; x_wconf 75' lang='lat' dir='ltr'>»inde</span> <span class='ocrx_word' id='word_1_279' title='bbox 378 2364 404 2390; x_wconf 86' lang='lat' dir='ltr'>a</span> <span class='ocrx_word' id='word_1_280' title='bbox 434 2350 664 2405; x_wconf 82' lang='lat' dir='ltr'>Chrysippo</span> <span class='ocrx_word' id='word_1_281' title='bbox 704 2366 826 2406; x_wconf 87' lang='lat' dir='ltr'>saepe</span> <span class='ocrx_word' id='word_1_282' title='bbox 865 2354 1032 2394; x_wconf 85' lang='lat' dir='ltr'>excitati</span> <span class='ocrx_word' id='word_1_283' title='bbox 1073 2354 1113 2394; x_wconf 92' lang='lat' dir='ltr'>in</span> <span class='ocrx_word' id='word_1_284' title='bbox 1155 2354 1316 2408; x_wconf 86' lang='lat' dir='ltr'>scriptis</span> <span class='ocrx_word' id='word_1_285' title='bbox 1357 2353 1546 2395; x_wconf 87' lang='lat' dir='ltr'>omnibus</span> <span class='ocrx_word' id='word_1_286' title='bbox 1584 2353 1635 2396; x_wconf 93' lang='lat' dir='ltr'>de</span> <span class='ocrx_word' id='word_1_287' title='bbox 1664 2353 1815 2406; x_wconf 88' lang='lat' dir='ltr'>dolore,</span> <span class='ocrx_word' id='word_1_288' title='bbox 1860 2369 1962 2409; x_wconf 88' lang='lat' dir='ltr'>quos</span> 
     </span>
     <span class='ocr_line' id='line_1_34' title="bbox 226 2417 1592 2476; baseline 0.002 -16"><span class='ocrx_word' id='word_1_289' title='bbox 226 2417 370 2460; x_wconf 82' lang='lat' dir='ltr'>Cicero</span> <span class='ocrx_word' id='word_1_290' title='bbox 402 2420 557 2461; x_wconf 82' lang='lat' dir='ltr'>invenit</span> <span class='ocrx_word' id='word_1_291' title='bbox 588 2421 627 2461; x_wconf 87' lang='lat' dir='ltr'>in</span> <span class='ocrx_word' id='word_1_292' title='bbox 660 2425 826 2462; x_wconf 76' lang='lat' dir='ltr'>auctore</span> <span class='ocrx_word' id='word_1_293' title='bbox 858 2421 1096 2475; x_wconf 84' lang='lat' dir='ltr'>(Posidonio</span> <span class='ocrx_word' id='word_1_294' title='bbox 1108 2420 1142 2476; x_wconf 73' lang='lat' dir='ltr'>P)</span> <span class='ocrx_word' id='word_1_295' title='bbox 1172 2436 1294 2476; x_wconf 90' lang='lat' dir='ltr'>quem</span> <span class='ocrx_word' id='word_1_296' title='bbox 1325 2426 1489 2463; x_wconf 86' lang='lat' dir='ltr'>secutus</span> <span class='ocrx_word' id='word_1_297' title='bbox 1519 2427 1592 2464; x_wconf 88' lang='lat' dir='ltr'>est.</span> 
     </span>
     <span class='ocr_line' id='line_1_35' title="bbox 482 2488 1659 2543; baseline 0.003 -15"><span class='ocrx_word' id='word_1_298' title='bbox 482 2488 617 2530; x_wconf 68' lang='lat' dir='ltr'>»Nam</span> <span class='ocrx_word' id='word_1_299' title='bbox 647 2491 714 2543; x_wconf 87' lang='lat' dir='ltr'>qui</span> <span class='ocrx_word' id='word_1_300' title='bbox 746 2490 848 2531; x_wconf 84' lang='lat' dir='ltr'>haec</span> <span class='ocrx_word' id='word_1_301' title='bbox 879 2491 1022 2532; x_wconf 87' lang='lat' dir='ltr'>audita</span> <span class='ocrx_word' id='word_1_302' title='bbox 1051 2506 1076 2532; x_wconf 90' lang='lat' dir='ltr'>a</span> <span class='ocrx_word' id='word_1_303' title='bbox 1106 2491 1226 2533; x_wconf 84' lang='lat' dir='ltr'>docto</span> <span class='ocrx_word' id='word_1_304' title='bbox 1257 2491 1532 2532; x_wconf 87' lang='lat' dir='ltr'>meminissem</span> <span class='ocrx_word' id='word_1_305' title='bbox 1563 2491 1659 2542; x_wconf 83' lang='lat' dir='ltr'>viro,</span> 
     </span>
     <span class='ocr_line' id='line_1_36' title="bbox 477 2558 1420 2601; baseline 0 -1"><span class='ocrx_word' id='word_1_306' title='bbox 477 2558 660 2600; x_wconf 85' lang='lat' dir='ltr'>Futuras</span> <span class='ocrx_word' id='word_1_307' title='bbox 690 2573 847 2601; x_wconf 82' lang='lat' dir='ltr'>mecum</span> <span class='ocrx_word' id='word_1_308' title='bbox 882 2559 1190 2601; x_wconf 85' lang='lat' dir='ltr'>commentabar</span> <span class='ocrx_word' id='word_1_309' title='bbox 1219 2560 1420 2601; x_wconf 87' lang='lat' dir='ltr'>miserias:</span> 
     </span>
     <span class='ocr_line' id='line_1_37' title="bbox 477 2628 1628 2682; baseline 0.001 -14"><span class='ocrx_word' id='word_1_310' title='bbox 477 2628 569 2669; x_wconf 89' lang='lat' dir='ltr'>Aut</span> <span class='ocrx_word' id='word_1_311' title='bbox 599 2632 771 2669; x_wconf 84' lang='lat' dir='ltr'>mortem</span> <span class='ocrx_word' id='word_1_312' title='bbox 805 2628 993 2670; x_wconf 80' lang='lat' dir='ltr'>acerbam</span> <span class='ocrx_word' id='word_1_313' title='bbox 1026 2634 1098 2670; x_wconf 87' lang='lat' dir='ltr'>aut</span> <span class='ocrx_word' id='word_1_314' title='bbox 1128 2629 1222 2670; x_wconf 85' lang='lat' dir='ltr'>exili</span> <span class='ocrx_word' id='word_1_315' title='bbox 1254 2633 1453 2669; x_wconf 85' lang='lat' dir='ltr'>maestam</span> <span class='ocrx_word' id='word_1_316' title='bbox 1485 2629 1628 2682; x_wconf 81' lang='lat' dir='ltr'>fugam</span> 
     </span>
     <span class='ocr_line' id='line_1_38' title="bbox 477 2696 1594 2751; baseline 0 -13"><span class='ocrx_word' id='word_1_317' title='bbox 477 2696 569 2738; x_wconf 88' lang='lat' dir='ltr'>Aut</span> <span class='ocrx_word' id='word_1_318' title='bbox 599 2711 758 2751; x_wconf 82' lang='lat' dir='ltr'>semper</span> <span class='ocrx_word' id='word_1_319' title='bbox 790 2698 971 2751; x_wconf 82' lang='lat' dir='ltr'>aliquam</span> <span class='ocrx_word' id='word_1_320' title='bbox 1001 2698 1193 2749; x_wconf 82' lang='lat' dir='ltr'>molem1)</span> <span class='ocrx_word' id='word_1_321' title='bbox 1225 2696 1454 2739; x_wconf 84' lang='lat' dir='ltr'>meditabar</span> <span class='ocrx_word' id='word_1_322' title='bbox 1485 2698 1594 2749; x_wconf 86' lang='lat' dir='ltr'>mali,</span> 
     </span>
     <span class='ocr_line' id='line_1_39' title="bbox 477 2765 1346 2820; baseline 0 -13"><span class='ocrx_word' id='word_1_323' title='bbox 477 2765 539 2807; x_wconf 88' lang='lat' dir='ltr'>Ut</span> <span class='ocrx_word' id='word_1_324' title='bbox 567 2766 598 2806; x_wconf 94' lang='lat' dir='ltr'>si</span> <span class='ocrx_word' id='word_1_325' title='bbox 631 2779 713 2820; x_wconf 87' lang='lat' dir='ltr'>qua</span> <span class='ocrx_word' id='word_1_326' title='bbox 744 2766 905 2807; x_wconf 87' lang='lat' dir='ltr'>invecta</span> <span class='ocrx_word' id='word_1_327' title='bbox 934 2766 1079 2808; x_wconf 86' lang='lat' dir='ltr'>diritas</span> <span class='ocrx_word' id='word_1_328' title='bbox 1110 2781 1207 2808; x_wconf 90' lang='lat' dir='ltr'>casu</span> <span class='ocrx_word' id='word_1_329' title='bbox 1238 2766 1346 2807; x_wconf 83' lang='lat' dir='ltr'>foret</span> 
     </span>
    </p>
   </div>
   <div class='ocr_carea' id='block_1_3' title="bbox 475 2833 1841 2959">
    <p class='ocr_par' dir='ltr' id='par_1_3' title="bbox 475 2833 1841 2959">
     <span class='ocr_line' id='line_1_40' title="bbox 475 2833 1490 2890; baseline 0.001 -15"><span class='ocrx_word' id='word_1_330' title='bbox 475 2833 541 2876; x_wconf 91' lang='lat' dir='ltr'>Ne</span> <span class='ocrx_word' id='word_1_331' title='bbox 572 2848 637 2876; x_wconf 92' lang='lat' dir='ltr'>me</span> <span class='ocrx_word' id='word_1_332' title='bbox 667 2835 915 2889; x_wconf 85' lang='lat' dir='ltr'>imparatum</span> <span class='ocrx_word' id='word_1_333' title='bbox 947 2850 1046 2877; x_wconf 88' lang='lat' dir='ltr'>cura</span> <span class='ocrx_word' id='word_1_334' title='bbox 1077 2836 1276 2878; x_wconf 83' lang='lat' dir='ltr'>laceraret</span> <span class='ocrx_word' id='word_1_335' title='bbox 1305 2850 1490 2890; x_wconf 68' lang='lat' dir='ltr'>repens«.</span> 
     </span>
     <span class='ocr_line' id='line_1_41' title="bbox 1461 2904 1841 2959; baseline -0.005 -12"><span class='ocrx_word' id='word_1_336' title='bbox 1461 2904 1582 2947; x_wconf 85' lang='lat' dir='ltr'>Tusc.</span> <span class='ocrx_word' id='word_1_337' title='bbox 1613 2905 1687 2947; x_wconf 85' lang='lat' dir='ltr'>III</span> <span class='ocrx_word' id='word_1_338' title='bbox 1719 2907 1743 2959; x_wconf 61' lang='grc' dir='ltr'><strong>ἓ</strong></span> <span class='ocrx_word' id='word_1_339' title='bbox 1776 2906 1841 2946; x_wconf 78' lang='grc'>29.</span> 
     </span>
    </p>
   </div>
   <div class='ocr_carea' id='block_1_4' title="bbox 341 3053 1636 3097">
    <p class='ocr_par' dir='ltr' id='par_1_4' title="bbox 341 3053 1636 3097">
     <span class='ocr_line' id='line_1_42' title="bbox 341 3053 1636 3097; baseline 0.003 -10"><span class='ocrx_word' id='word_1_340' title='bbox 341 3053 375 3097; x_wconf 72' lang='grc'>11</span> <span class='ocrx_word' id='word_1_341' title='bbox 402 3054 446 3087; x_wconf 86' lang='lat' dir='ltr'>cf.</span> <span class='ocrx_word' id='word_1_342' title='bbox 475 3053 586 3089; x_wconf 86' lang='lat' dir='ltr'>Catil.</span> <span class='ocrx_word' id='word_1_343' title='bbox 612 3054 669 3089; x_wconf 88' lang='grc' dir='ltr'>ΙΙΙ</span> <span class='ocrx_word' id='word_1_344' title='bbox 698 3055 741 3089; x_wconf 81' lang='grc'>17</span> <span class='ocrx_word' id='word_1_345' title='bbox 770 3056 920 3090; x_wconf 80' lang='lat' dir='ltr'>»molem</span> <span class='ocrx_word' id='word_1_346' title='bbox 948 3056 1055 3090; x_wconf 79' lang='lat' dir='ltr'>mali«</span> <span class='ocrx_word' id='word_1_347' title='bbox 1085 3055 1217 3090; x_wconf 89' lang='lat' dir='ltr'>Munro</span> <span class='ocrx_word' id='word_1_348' title='bbox 1245 3056 1291 3090; x_wconf 88' lang='lat' dir='ltr'>ad</span> <span class='ocrx_word' id='word_1_349' title='bbox 1318 3056 1423 3091; x_wconf 73' lang='lat' dir='ltr'>Luor.</span> <span class='ocrx_word' id='word_1_350' title='bbox 1450 3057 1506 3091; x_wconf 96' lang='lat' dir='ltr'>III</span> <span class='ocrx_word' id='word_1_351' title='bbox 1534 3056 1636 3092; x_wconf 83' lang='lat'><strong>1056.</strong></span> 
     </span>
    </p>
   </div>
  </div>
 </body>
</html>
