2159 3481
944 92 1020 141 '—
1078 111 1244 152 38-

233 250 446 290 unquam
486 235 596 289 apud
628 235 781 277 iudices
821 238 894 276 aut
930 234 1147 276 dolorem
1187 239 1273 276 aut
1311 235 1720 286 misericordiam,
1765 238 1837 276 aut
1867 234 1967 275 invi-

233 305 355 356 diam,
395 308 467 346 aut
494 304 632 345 odium
669 303 882 345 dicendo
922 304 1144 345 excitare
1184 303 1336 355 volui,
1377 304 1497 357 quin
1539 305 1648 358 ipse
1678 304 1725 344 in
1756 316 1968 344 commo-

234 372 406 414 vendis
450 372 696 414 iudicibus
742 373 804 413 iis
846 373 969 426 ipsis
1007 371 1252 424 sensibus,
1298 372 1357 413 ad
1401 385 1525 425 quos
1567 372 1684 413 illos
1722 371 1969 414 adducere

234 441 426 493 vellem,
468 454 807 495 permoverer«
851 440 902 482 de
934 454 989 482 or.
1019 440 1067 481 Π
1101 442 1193 482 189.
1252 439 1468 482 Perfectus
1508 441 1632 494 igitur
1669 444 1806 482 orator
1836 441 1970 482 cuius-

234 511 293 551 vis
338 524 486 552 causae
529 514 773 563 argumento
817 523 944 563 usque
991 509 1093 551 adeo
1136 510 1379 551 commoveri
1424 508 1548 551 debet
1593 509 1749 560 animo,
1798 513 1844 550 ut
1887 522 1968 550 non

234 579 427 629 alienam,
469 578 541 620 sed
570 582 781 632 tamquam
812 592 929 619 suam
958 591 1045 619 rem
1076 591 1196 631 agere
1226 577 1427 619 videatur.
1487 577 1608 619 Idem
1639 581 1853 631 poetarum
1882 591 1971 620 esse

234 648 323 689 vult
353 647 557 689 Horatius
587 646 641 687 A.
672 646 719 688 P.
750 648 883 688 v.103
920 644 991 688 »Si
1022 647 1083 688 vis
1112 661 1177 688 me
1210 646 1313 688 flere
1342 645 1564 688 dolendum
1594 650 1658 687 est
1686 646 1863 700 primum
1893 647 1969 700 ipsi

233 715 347 758 tibi«.
411 714 572 770 Quibus
603 720 741 757 autem
772 715 1024 769 temporibus
1053 716 1175 757 vertit
1198 714 1343 758 Cicero
1372 729 1475 769 quos
1505 715 1772 756 tractavimus
1801 712 1971 756 versus?

235 784 355 837 Tum,
400 799 493 826 cum
523 786 644 826 unius
674 785 884 826 voluntate
916 785 1055 825 omnia
1084 788 1332 835 tenerentur,
1378 798 1470 826 cum
1506 783 1792 825 defensionum
1823 782 1970 824 labori-

235 852 310 894 bus
342 854 638 907 senatoriisque
668 853 906 895 muneribus
944 867 1097 895 vacuus
1136 858 1243 894 esset
1282 854 1351 905 ita,
1396 857 1443 895 ut
1481 867 1641 907 semper
1680 852 1782 894 illud
1822 853 1863 893 in
1903 866 1972 894 ore

235 920 405 963 haberet
440 922 563 963 »mihi
596 922 760 976 quidem
791 919 1027 975 βεβίωτακ<
1067 922 1121 963 ad
1150 921 1243 963 Att.
1274 921 1392 965 XIV
1422 923 1487 974 21,
1519 924 1555 963 3.
1617 920 1775 976 Quodsi
1809 919 1971 963 Cicero·

235 991 299 1031 nis
329 989 601 1032 Prometheus
631 991 853 1033 exclamat:
903 990 1000 1033 »Sic
1040 1005 1105 1032 me
1144 991 1231 1044 ipse
1262 990 1408 1032 viduus
1439 995 1574 1045 pestes
1613 991 1770 1045 excipio
1800 991 1968 1032 anxias«

236 1058 356 1101 Tusc.
387 1059 436 1100 H
469 1062 493 1113 Q
524 1062 576 1101 ‘25
616 1073 697 1101 non
729 1064 816 1101 tam
846 1059 1118 1102 Prometheus
1148 1060 1343 1114 queritur,
1383 1073 1508 1113 quam
1538 1060 1624 1114 ipse
1656 1058 1812 1111 Cicero,
1851 1073 1973 1113 quem

238 1126 405 1170 Servius
437 1128 646 1183 Sulpicius
676 1129 941 1171 celeberrima
970 1129 1149 1183 epistula
1179 1128 1258 1181 (IV
1291 1129 1331 1181 5)
1373 1128 1610 1170 consolatur
1653 1129 1759 1170 »noli
1801 1133 1842 1170 te
1872 1128 1972 1170 obli-

236 1197 334 1238 visci
358 1196 599 1239 Ciceronem
629 1212 717 1240 esse
747 1202 790 1240 et
819 1212 923 1250 eum,
954 1199 1024 1252 qui
1054 1198 1145 1238 aliis
1176 1198 1384 1239 consueris
1414 1198 1649 1251 praecipere
1679 1201 1722 1239 et
1750 1197 1848 1239 dare
1879 1211 1972 1239 con-

237 1265 384 1317 silium,
423 1280 554 1321 neque
584 1268 745 1309 imitare
775 1267 930 1308 malos
970 1266 1190 1308 medicos
1231 1266 1315 1320 qui
1354 1267 1402 1307 in
1434 1266 1620 1307 alienis
1649 1265 1832 1307 morbis
1862 1280 1973 1320 pro-

236 1333 452 1376 fitentur
491 1339 661 1377 tenere
701 1350 749 1377 se
792 1335 1069 1378 medicinae
1109 1335 1390 1387 scientiam,
1436 1335 1535 1388 ipsi
1578 1348 1626 1376 se
1667 1348 1839 1376 curare
1879 1348 1973 1376 non

238 1408 474 1457 possunt«
494 1406 535 1454 ¹).

353 1472 412 1515 Ut
441 1473 656 1525 Hercules,
693 1478 740 1515 ut
768 1473 1042 1515 Prometheus
1071 1475 1131 1515 ita
1162 1473 1306 1516 Cicero
1337 1473 1387 1515 de
1419 1473 1597 1514 culmine
1626 1472 1820 1524 deiectus,
1850 1473 1974 1513 immo

237 1542 532 1595 praecipitatus
571 1547 644 1584 est.
703 1543 852 1597 Itaque
893 1543 991 1585 dum
1030 1543 1199 1584 heroum
1241 1557 1359 1584 casus
1399 1542 1613 1596 luctusque
1653 1541 1727 1583 sibi
1773 1542 1974 1595 proponit,

239 1623 318 1650 non
351 1615 437 1651 tam
470 1612 696 1653 alienarum
729 1626 996 1666 personarum
1027 1615 1091 1653 est
1120 1615 1245 1663 actor,
1285 1626 1409 1665 quam
1441 1625 1540 1652 suae
1571 1615 1726 1653 auctor.
1788 1609 1976 1651 Vexatur

238 1679 430 1721 tristitiae
459 1682 667 1733 memoria,
717 1681 1044 1723 »recordationes
1085 1686 1223 1722 autem
1254 1681 1369 1735 quasi
1416 1679 1594 1734 quodam
1624 1693 1762 1720 morsu
1792 1678 1974 1720 dolorem

238 1748 453 1790 efficiunt«
489 1750 541 1791 ad
572 1749 664 1791 Att.
696 1749 794 1791 XII
829 1752 891 1791 18.
955 1749 1019 1793 »O
1051 1754 1167 1791 ante
1198 1750 1385 1791 victrices
1415 1763 1586 1790 manus«
1622 1749 1680 1790 sic
1710 1762 1791 1789 non
1824 1747 1977 1789 clamat

238 1817 453 1869 Hercules,
498 1820 556 1860 sic
586 1820 769 1873 queritur
799 1820 885 1874 ipse
918 1818 1075 1871 Cicero,
1123 1819 1347 1860 »illacrima
1377 1819 1530 1873 patris
1560 1817 1767 1872 pestibus«
1810 1820 1976 1871 »gentes

239 1891 400 1928 nostras
430 1887 593 1929 flebunt
622 1889 847 1940 miserias«,
889 1889 947 1930 sic
976 1889 1229 1930 lamentatur
1257 1888 1336 1939 ille,
1376 1888 1443 1941 qui
1476 1886 1681 1941 quondam
1715 1890 1761 1927 ut
1790 1890 1932 1940 pater
1947 1886 1977 1938 Β)

240 1956 437 2008 patriae
483 1956 643 1998 vivebat
684 1958 723 1998 in
763 1957 911 1998 civium
950 1957 1087 2009 oculis,
1131 1957 1245 1998 cuius
1280 1970 1443 1997 »casum
1481 1960 1567 1996 tam
1597 1954 1845 2005 horribilem,
1889 1958 1977 1995 tam

238 2038 417 2077 gravem,
449 2029 535 2066 tam
565 2027 825 2079 repentinum
856 2039 936 2067 non
969 2026 1101 2067 solum
1130 2025 1328 2077 homines,
1359 2024 1431 2066 sed
1461 2028 1572 2065 tecta
1602 2023 1713 2065 urbis
1745 2037 1793 2064 ac
1822 2022 1977 2076 templa

239 2092 449 2145 lugerent«
485 2108 558 2148 pro
590 2093 696 2136 Sest.
730 2096 754 2147 Q
786 2096 850 2135 53.
916 2094 1029 2136 »Nec
1059 2095 1276 2148 quisquam
1307 2107 1329 2134 e
1359 2093 1510 2135 nostris
1540 2093 1671 2147 spolia
1709 2092 1817 2146 cepit
1846 2091 1975 2132 laudi-

239 2160 354 2212 bus«,
386 2162 443 2203 sie
473 2162 673 2215 gloriatur
704 2163 781 2215 ille,
812 2163 880 2216 qui
917 2162 1256 2217 »demigrandum
1277 2163 1436 2216 potius«
1472 2161 1616 2215 inquit,
1650 2161 1822 2214 »aliquo,
1852 2173 1976 2213 quam

239 2229 511 2271 habitandum
542 2232 581 2271 in
603 2246 653 2272 ea
674 2231 784 2283 urbe,
816 2232 863 2272 in
893 2246 989 2286 qua
1019 2235 1226 2285 tropaea
1254 2230 1311 2272 dc
1342 2245 1412 2272 me
1443 2230 1635 2272 videam
1666 2229 1970 2271 constituta«

239 2312 312 2352 pro
343 2299 464 2340 domo
496 2301 519 2351 Q
554 2301 633 2341 100
665 2298 809 2354 (Soph.
844 2295 1048 2354 »τροπαΐ
1083 2296 1235 2354 ἔστησε
1264 2300 1352 2340 τῶν
1382 2297 1498 2352 ἐμῶν
1526 2299 1682 2353 χερῶν).

353 2367 474 2409 Haec
504 2368 705 2421 siquidem
736 2372 845 2409 recte
875 2384 898 2409 a
930 2368 1047 2409 nobis
1077 2368 1289 2422 disputata
1319 2372 1425 2419 sunt,
1465 2367 1601 2408 nescio
1641 2380 1721 2420 quo
1753 2369 1873 2420 pacto
1904 2364 1974 2406 do-

240 2437 409 2478 mestica
439 2437 586 2490 potius,
617 2451 741 2490 quam
771 2442 941 2479 externa
972 2437 1191 2479 subaudire
1222 2436 1321 2477 mihi
1352 2436 1491 2477 videor
1521 2450 1570 2476 ex
1602 2435 1664 2476 his

471 2516 659 2571 »Corque
691 2532 826 2559 meum
858 2519 1021 2572 penitus
1052 2518 1250 2571 turgescit
1281 2515 1466 2558 tristibus
1499 2517 1578 2567 iris,

469 2585 574 2628 Cum
606 2587 750 2628 decore
782 2591 905 2641 atquc
936 2588 1044 2627 omni
1077 2602 1141 2628 me
1172 2586 1361 2627 orbatum
1393 2585 1513 2626 laude
1544 2584 1771 2626 recordor«.

242 2667 312 2709 Sic
343 2670 450 2709 enim
484 2667 672 2709 Achilles
703 2668 813 2722 apud
843 2667 1074 2709 Homerum
1104 2667 1127 2708 I
1160 2668 1240 2708 646

358 2839 392 2881 1)
420 2840 462 2874 es.
493 2839 624 2874 Aesch.
652 2839 771 2873 Prom.
800 2850 830 2872 v.
858 2838 927 2873 473

654 2899 805 2941 »πλανᾷ
831 2895 965 2934 κακὸς
991 2895 1030 2928 ‹5‘
1060 2894 1210 2940 ἰατρὸς
1237 2892 1282 2932 ὥς
1307 2907 1359 2932 τις
1385 2895 1418 2932 ἐς
1446 2893 1554 2927 νόσον

656 2954 779 2989 πεσὼν
806 2955 962 3001 ‘mopere
986 2957 1047 2989 καὶ
1072 2954 1259 2988 σεαυτὸν
1284 2952 1360 2987 οὐκ
1385 2954 1455 2998 ἔχε
1467 2965 1503 2990 ις

653 3014 797 3059 εὑρεῖν
822 3013 1001 3052 ὁποίοις
1026 3011 1281 3059 φαρμάκοις
1307 3011 1522 3057 wannoc«.

358 3074 392 3115 2)
419 3076 463 3109 ef.
494 3087 567 3109 »me
595 3076 783 3110 absentem
815 3077 857 3109 ut
886 3076 1026 3120 patrem
1055 3073 1321 3119 deplorandum
1351 3074 1521 3118 putarat«
1552 3082 1615 3116 pro
1640 3070 1736 3104 Sest.
1762 3071 1782 3113 Q
1810 3069 1886 3103 121.
