2159 3481
919 173 1195 216 -33-

204 322 252 327 -—
286 296 491 350 significat
520 296 674 338 scilicet
708 298 884 339 »amenti
915 297 1060 339 corde«
1094 297 1149 349 id,
1179 296 1289 350 quod
1320 300 1493 351 apparet
1524 311 1573 339 ex
1604 298 1726 340 Arat.
1758 301 1841 342 424
1873 326 1922 331 —

207 365 309 406 »Ille
352 366 461 407 feras
504 379 720 407 vaecors
765 366 919 407 amenti
963 366 1085 408 corde
1131 365 1347 409 necabat«.
1421 365 1512 408 Nec
1558 368 1756 410 miramur
1799 369 1923 411 talem

202 433 562 487 amplificationem
595 434 789 488 quoniam
829 438 939 476 totus
977 434 1091 476 locus
1122 435 1321 476 eiusmodi
1362 438 1433 487 est,
1482 449 1597 489 »per
1640 451 1778 490 quem
1821 453 1923 480 cum

200 502 549 556 indignatione
594 504 961 556 conquerimur,
1011 503 1142 557 quod
1188 503 1247 544 ab
1293 503 1380 555 eis,
1430 517 1455 545 a
1498 504 1679 557 quibus
1724 506 1926 549 minime

202 572 482 624 conveniat,
527 571 653 613 male
697 575 984 624 tractemur,
1027 572 1342 626 propinquis,
1384 572 1576 624 amicis,
1622 573 1802 627 quibus
1845 575 1925 618 be-

200 640 348 694 nigne
379 639 664 693 fecerimus,
702 654 820 694 quos
851 640 1110 682 adiutores
1140 640 1249 682 fore
1278 640 1584 694 putarimus«
1636 641 1687 683 de
1717 643 1870 686 invent.
1902 645 1926 686 I

201 709 224 763 ἓ
257 708 350 750 109.
412 708 630 750 Habemus
660 709 786 762 igitur
814 710 930 762 quasi
960 709 1169 763 quandam
1201 708 1543 762 indignationem,
1587 723 1637 751 ex
1666 725 1748 764 qua
1783 727 1926 755 »nas-

201 777 330 818 citur
359 777 735 831 amplificatio«,
765 777 863 831 quia
899 777 1151 832 »indignatio
1183 781 1245 819 est
1274 778 1417 830 oratio,
1445 791 1519 832 per
1547 792 1671 832 quam
1703 780 1928 834 conficitur,

200 848 247 886 ut
276 846 316 886 in
349 846 525 899 aliquem
558 845 765 887 hominem
796 860 994 900 magnum
1026 846 1167 888 odium
1199 846 1448 888 concitetur«
1484 847 1535 888 de
1565 847 1924 903 invent.I§100.

202 914 344 969 Quare
382 915 516 969 pergit
554 915 737 956 imitator
775 915 1166 969 amplificationibus
1206 915 1434 957 orationem
1475 915 1681 958 extollere.
1748 917 1927 961 »Omnia

201 983 322 1035 enim,
365 997 471 1037 quae
515 983 623 1025 mala
668 988 879 1038 putantur,
921 988 1017 1026 sunt
1059 984 1282 1038 improvisa
1327 985 1538 1039 graviora«
1585 984 1704 1027 Tusa.
1744 986 1819 1028 ΠΙ
1859 988 1925 1031 30.

200 1051 350 1106 Itaque
395 1052 511 1094 addit
549 1052 748 1107 interpres
795 1053 1083 1095 »inscium«.
1144 1053 1234 1095 Nec
1272 1053 1404 1095 solum
1443 1057 1580 1107 auget,
1622 1068 1763 1096 verum
1802 1057 1927 1098 etiam

199 1120 384 1174 intellegi
414 1120 502 1162 vult
530 1120 625 1163 dolo
655 1121 883 1164 Herculem
914 1122 1065 1177 perire3
1102 1122 1269 1176 respicit
1297 1122 1423 1176 igitur
1452 1122 1530 1164 hoc
1561 1123 1843 1167 additamento
1874 1126 1926 1168 ad

198 1189 253 1242 id,
282 1189 392 1243 quod
422 1193 484 1232 est
513 1190 623 1244 apud
647 1190 896 1245 Sophoclem
927 1190 1171 1240 δολῶπις.
1231 1190 1362 1232 Plane
1393 1191 1538 1233 eodem
1568 1196 1728 1246 spectat
1758 1194 1926 1236 verbum

199 1272 237 1311 q.
258 1271 292 1299 e.
326 1258 562 1311 »irretivit«,
592 1259 669 1301 nisi
700 1259 811 1313 quod
832 1259 944 1301 aliud
965 1261 1091 1301 etiam
1121 1260 1292 1301 accedit.
1352 1259 1430 1302 Est
1462 1260 1571 1301 enim
1603 1254 1929 1319 ἀμφίβληστρον

199 1326 372 1368 testibus
411 1326 622 1382 Hesychio
662 1331 703 1369 et
742 1327 874 1370 Suida
914 1328 951 1377 (I
982 1328 1078 1381 298)
1118 1329 1141 1370 i.
1173 1343 1209 1382 q.
1241 1326 1414 1370 δίκτυον
1453 1329 1477 1369 i.
1510 1343 1543 1370 e.
1578 1334 1727 1372 »rete«.
1793 1331 1928 1375 Verbo

158 1434 163 1438 .
199 1395 324 1450 igitur
352 1396 462 1438 idem
493 1397 685 1451 exprimit
716 1396 873 1450 Cicero,
902 1397 1012 1451 quod
1043 1397 1300 1439 substantivo
1332 1396 1570 1452 Sophocles.
1631 1398 1755 1453 Quod
1788 1405 1927 1444 autem

198 1466 400 1520 interpres
438 1464 516 1507 hoc
554 1479 673 1507 versu
712 1466 849 1508 omisit
892 1462 1090 1521 ὑφαντόν,
1136 1466 1178 1508 id
1220 1466 1333 1508 brevi
1373 1470 1465 1520 post
1507 1467 1668 1520 adiecit,
1713 1469 1783 1510 ubi
1829 1470 1929 1513 dicit

205 1534 400 1586 »textili«,
443 1537 587 1576 contra
636 1548 725 1576 »me
763 1535 961 1576 inscium«
1011 1535 1240 1589 desumpsit
1277 1549 1327 1576 ex
1365 1550 1399 1576 v.
1434 1535 1554 1588 1057,
1598 1535 1669 1578 ubi
1701 1536 1928 1592 Sophocles

203 1595 457 1659 »οἷφράστωι
487 1603 607 1660 τῆιόε
635 1600 863 1658 χειρωθείς
893 1602 1066 1660 πέὸηκ<.
1117 1603 1276 1646 Iterum
1305 1618 1379 1658 pro
1409 1604 1665 1647 substantivo
1696 1604 1812 1663 πέδη
1843 1622 1929 1649 ver-

199 1672 296 1714 bum
328 1671 540 1714 substituit
573 1671 779 1726 »illigatus
809 1676 961 1727 peste«.
1021 1672 1174 1715 Graeci
1203 1672 1281 1727 ipsi
1311 1672 1498 1714 similiter
1538 1672 1774 1727 loquuntur,
1818 1676 1930 1718 velut

199 1741 433 1796 Aeschylus
462 1740 600 1782 Prom.
631 1756 666 1782 v.
696 1740 780 1782 579
819 1738 1031 1793 ἐνέζευξας
1070 1738 1113 1782 ἐν
1145 1739 1461 1797 πημοσύναις<<.
1523 1741 1707 1784 Invicem
1739 1743 1929 1786 substan—

199 1810 282 1852 tivo
316 1824 539 1853 »morsu«
588 1825 697 1862 usus,
742 1810 909 1864 respicit
940 1810 1086 1853 Cicero
1125 1810 1178 1851 ad
1209 1810 1379 1852 verbum
1417 1808 1658 1865 βέβρωκε.
1718 1810 1837 1865 Quae
1869 1828 1929 1855 se-

199 1883 381 1933 quuntur
412 1876 651 1932 πλεύμονος
681 1874 886 1935 ἀρτηρίας
918 1893 1000 1921 non
1033 1879 1295 1921 consentiunt
1317 1893 1411 1920 cum
1429 1878 1629 1921 Cicerone
1663 1880 1928 1934 »pulmonum

200 1947 339 1989 haurit
369 1950 594 2004 Spiritus«
644 1947 822 1991 Videtur
858 1947 1004 2002 legisse
1043 1952 1306 2005 πνεύμονας
1336 1943 1562 2005 ἄρτηριάς;
1606 1948 1684 1990 hoc
1714 1950 1747 1990 si
1778 1964 1930 2005 verum,

199 2016 293 2058 vide
324 2030 375 2058 ne
407 2013 649 2070 πλεύμονος
688 2017 823 2071 glossa
860 2017 912 2059 sit
951 2017 1140 2070 genetivo
1171 2009 1379 2073 ἆρῑηρίας
1418 2017 1636 2071 adscripta.
1698 2017 1759 2059 Ut
1791 2024 1928 2061 autem

200 2100 324 2140 supra
363 2085 445 2128 duo
485 2085 687 2128 vocabula
726 2081 914 2140 ὑφαντόν
953 2085 1061 2128 1052
1102 2089 1143 2127 et
1182 2081 1411 2141 ἅφράστωι
1444 2085 1552 2128 1057
1599 2086 1738 2139 (schol.
1770 2082 1929 2142 ἀπρος-

199 2150 402 2212 ὁοκήτωι)
451 2154 563 2209 apud
615 2154 856 2198 Ciceronem
907 2154 1043 2197 locum
1093 2158 1322 2207 mutavere,
1370 2155 1429 2196 ita
1476 2154 1693 2197 verborum
1744 2156 1929 2199 ordinem

198 2224 463 2266 immutatum
505 2223 809 2266 animadvertas
848 2224 889 2264 in
927 2223 989 2265 his
1032 2223 1223 2265 »haurit
1260 2223 1466 2278 spiritus«.
1526 2224 1781 2266 Obversatur
1822 2227 1929 2268 enim

200 2293 339 2335 animo
369 2292 552 2345 verbum,
591 2292 701 2347 quod
741 2292 924 2346 sequitur
961 2289 1283 2334 ἑκπέπωκεν.
1344 2292 1521 2346 Legitne
1554 2292 1700 2336 Cicero
1730 2294 1930 2337 scholium

199 2360 310 2403 idem
349 2361 460 2415 quod
502 2375 577 2404 nos
621 2363 794 2417 ῥοφεῖ·
841 2358 1080 2403 gaschet?
1141 2361 1299 2404 Contra
1339 2362 1388 2414 ei,
1430 2361 1540 2415 quod
1579 2362 1719 2403 statim
1749 2364 1932 2416 sequitur

207 2430 522 2473 »exsorbuit«
570 2430 680 2485 apud
712 2429 959 2485 Sophoclem
1003 2444 1084 2472 non
1127 2432 1252 2487 ῥοφεῖ
1292 2430 1525 2485 respondet,
1570 2430 1641 2472 sed
1688 2429 1933 2474 πέπωκεν

203 2498 323 2540 1056.
382 2498 520 2542 Vestis
559 2499 686 2553 igitur
728 2499 996 2554 »sanguinem
1038 2499 1287 2542 exsorbuit«.
1350 2498 1447 2553 Qua
1477 2513 1570 2541 cum
1604 2500 1785 2541 versione
1815 2506 1932 2555 potes

203 2567 390 2609 conferre
449 2568 720 2623 compositam
779 2567 951 2610 formam
1016 2564 1404 2622 »αἱματορρόφος<«,
1464 2582 1569 2622 quae
1629 2572 1762 2610 exstat
1821 2571 1931 2624 apud

203 2635 457 2690 Aeschylum
488 2636 666 2679 Eumen.
700 2637 803 2689 194;
849 2637 1026 2691 denique
1054 2634 1219 2692 χλωρόν
1251 2629 1358 2690 αἷμα
1400 2637 1509 2691 quod
1551 2637 1702 2679 dicitur
1747 2638 1934 2680 »decolor

203 2705 395 2759 sanguis«
431 2719 570 2747 eorum
602 2707 849 2749 sententiam
882 2710 1046 2748 secutus
1076 2710 1137 2749 est
1167 2707 1380 2760 interpres,
1410 2707 1480 2760 qui
1510 2706 1694 2759 intellegi
1717 2706 1935 2749 volucrunt

203 2787 286 2816 non
316 2773 409 2815 νέον
440 2766 546 2827 αἷμα
576 2774 648 2816 sed
679 2771 821 2830 νεκρόν
851 2775 918 2829 (cf.
949 2775 1102 2826 schol).
1164 2775 1235 2816 An
1267 2775 1343 2816 hoc
1374 2774 1557 2828 epitheto
1588 2789 1684 2816 usus
1715 2779 1786 2826 cst,
1823 2777 1932 2829 quod

203 2856 361 2885 veneno
402 2842 524 2897 periit
561 2842 794 2886 Hercules?
839 2843 886 2885 cf.
919 2844 971 2885 ad
1003 2843 1106 2885 Her.
1139 2843 1187 2884 II
1220 2847 1243 2896 ξ
1275 2843 1329 2884 44
1376 2847 1606 2884 »mortuum
1653 2843 1930 2886 decoloratum

203 2911 326 2954 fuisse
358 2914 530 2963 constat,
561 2925 659 2965 ergo
689 2926 847 2954 veneno
880 2915 1050 2953 necatus
1081 2916 1164 2953 cst«
1201 2912 1266 2964 (cf.
1298 2912 1395 2952 ibid.
1425 2913 1449 2962 ς’
1481 2912 1532 2961 8).

316 2980 378 3023 Ut
406 2981 489 3022 iam
522 2980 666 3022 horum
698 2994 889 3022 versuum
910 2995 1112 3022 summam
1134 2981 1349 3032 faciainus,
1382 2994 1582 3034 nusquam
1615 2980 1783 3022 verbum
1815 2983 1935 3023 vortit

205 3063 255 3091 ex
293 3049 416 3092 verbo
448 3049 615 3100 Cicero,
660 3049 842 3092 imitator
881 3054 952 3101 est,
999 3064 1077 3091 non
1119 3050 1332 3103 interpres.
1396 3048 1486 3091 Nec
1525 3049 1607 3090 ulia
1646 3064 1741 3091 usus
1779 3055 1841 3091 est
1873 3051 1934 3091 liis

1606 3141 1627 3175 3
