2159 3481
933 93 1214 133 -39-

446 210 582 256 »ἄλλα
610 230 684 268 μοι
716 212 937 258 οἰδοῖνεται
970 213 1122 272 κραδίη
1150 214 1300 268 χόλωι,
1330 209 1501 258 ὁππότ’
1534 213 1706 259 ἐκείνων

439 281 671 340 μνήσομαι,
703 277 762 333 ὥς
791 280 832 338 μ’
866 277 1087 341 ἀσύφηλον
1117 283 1160 326 ἐν
1186 282 1449 340 Ἀργεΐοισιν
1479 282 1618 340 ἔρεξεν

438 349 671 408 )Λτρεΐδης,
705 348 763 403 ὥς
794 349 837 395 εἴ
861 369 927 394 τιν
958 349 1166 409 ἀτίμητον
1195 350 1503 410 μετανάστην«.

216 433 339 475 Patet
378 434 464 475 fere
503 447 628 475 novos
667 447 755 475 esse
787 433 997 477 Ciceronis
1035 448 1175 476 versus
1213 435 1379 489 propria
1417 436 1454 476 vi
1495 436 1674 476 oratoria
1714 441 1943 478 exornatos.

217 502 358 546 Octies
388 504 497 544 enim
525 504 700 557 repetita
729 506 792 544 est
820 503 958 544 littera
980 517 1126 557 aspera
1155 507 1196 544 et
1226 504 1375 545 canina
1404 506 1476 557 ΓΙ),
1506 518 1581 545 nec
1610 508 1773 545 tantum
1794 505 1943 557 littera,

215 574 304 612 tota
333 571 491 625 syllaba
529 573 660 625 (c)or-
701 571 794 613 inde
833 570 885 612 ab
924 572 1040 613 initio
1079 576 1199 613 sonat
1228 587 1355 626 usque
1394 572 1447 613 ad
1477 572 1616 613 finem.
1678 572 1788 615 Suae
1819 575 1944 628 igitur

215 641 463 682 calamitatis
501 654 656 681 memor
689 639 833 682 Cicero
872 640 1057 681 tristibus
1096 641 1166 681 iris
1204 641 1412 694 turgescit.
1473 640 1636 683 Scimus
1672 642 1781 682 enim
1819 657 1943 696 quam

215 723 337 762 saepe
368 723 410 750 se
440 708 583 750 orbum
614 709 772 750 dixerit.
833 707 899 750 Cf.
930 722 991 762 ep.
1012 708 1080 751 IV
1098 711 1161 760 13,
1183 710 1277 763 2sq.
1312 710 1376 749 »in
1408 724 1489 763 qua
1518 709 1617 751 urbe
1648 710 1768 752 modo
1798 712 1944 764 gratia,

215 778 470 829 auctoritate,
514 777 646 830 gloria
675 777 904 829 floruimus,
948 777 989 817 in
1020 791 1070 818 ea
1093 792 1202 818 nunc
1232 777 1395 831 quidem
1435 778 1499 819 his
1529 777 1717 820 omnibus
1748 793 1944 821 caremus.

214 845 392 900 Itaque
422 845 569 887 orbus
609 846 670 887 iis
699 845 847 886 rebus
877 845 1121 897 omnibus,
1159 846 1306 900 quibus
1336 850 1378 888 et
1407 851 1557 888 natura
1586 861 1651 888 me
1683 851 1725 888 et
1754 849 1944 890 voluntas

215 918 257 956 et
286 914 536 956 consuetudo
567 913 862 966 adsuefecerat,
905 928 997 955 cum
1027 915 1183 966 ceteris,
1228 919 1275 956 ut
1305 915 1469 969 quidem
1500 916 1649 968 videor,
1694 920 1781 958 tum
1822 916 1943 958 mihi

214 984 321 1037 ipse
362 983 603 1037 displiceo
617 999 655 1035 «3
702 983 753 1025 cf.
784 983 923 1025 Divin.
954 983 1004 1024 Π
1035 985 1058 1037 ξ
1091 986 1112 1025 7
1145 985 1329 1038 pristinis
1360 985 1518 1026 orbati
1550 985 1797 1038 muneribus,
1842 987 1945 1028 haec

215 1052 352 1094 studia
381 1066 577 1094 renovare
607 1053 814 1106 coepimus
849 1074 893 1085 =
928 1052 979 1094 de
1010 1052 1121 1094 offic.
1152 1052 1201 1094 Π
1233 1054 1256 1106 §
1289 1055 1324 1094 6.

327 1119 514 1162 Tertium
543 1120 610 1162 hic
639 1120 773 1162 affero
803 1120 977 1162 Homeri
1007 1121 1142 1162 locum
1173 1136 1199 1162 a
1220 1121 1419 1164 Cicerone
1450 1123 1697 1164 translatum
1728 1123 1849 1166 Tusc.
1870 1123 1944 1165 ΠΙ

215 1189 238 1241 ξ
271 1190 322 1230 63
353 1189 404 1230 de
435 1188 754 1243 Bellerophonte

494 1269 602 1324 »Qui
631 1270 754 1311 miser
783 1270 825 1310 in
855 1271 1011 1324 campis
1039 1284 1227 1312 maerens
1257 1271 1422 1313 errabat
1450 1270 1582 1324 Aleis,

489 1338 586 1392 Ipse
616 1353 735 1380 suum
765 1352 834 1380 cor
863 1339 999 1391 edens,
1028 1339 1241 1381 hominum
1270 1341 1444 1394 vestigia
1473 1342 1632 1382 vitans«
1672 1363 1715 1376 Ξ

490 1406 515 1464 ἦ
546 1422 613 1449 τοι
644 1423 666 1449 ο
697 1423 795 1449 καπ
825 1405 979 1450 πεδίον
1006 1406 1052 1451 τί
1082 1403 1262 1466 Αλήιον
1292 1403 1385 1460 οἶος
1416 1405 1566 1460 ἀλᾶτο,

489 1491 540 1517 ον
571 1479 629 1517 191
624 1492 710 1530 μον
737 1475 942 1529 κατέδων,
973 1472 1115 1520 πάτον
1144 1472 1396 1534 ἀνθρώπων
1426 1472 1651 1520 αλεείνων<<
1686 1483 1725 1520 Ζ
1754 1481 1847 1521 201.

328 1557 388 1598 Hi
419 1571 578 1611 quoque
609 1572 748 1599 versus
778 1572 860 1599 non
891 1562 977 1599 tam
1008 1559 1049 1599 in
1079 1558 1455 1613 Bellerophontem,
1486 1574 1610 1613 quam
1640 1560 1681 1600 in
1712 1560 1844 1613 ipsum
1876 1558 1944 1601 Ci-

216 1640 401 1667 ceronem
432 1626 675 1668 redundant.
735 1625 835 1668 Fuit
864 1627 974 1667 enim
1007 1626 1151 1669 Cicero
1184 1629 1224 1668 in
1259 1628 1439 1681 »campis
1468 1626 1612 1668 Aleis«
1647 1627 1684 1668 h.
1707 1641 1739 1668 e.
1771 1628 1813 1668 in
1845 1625 1943 1668 Oili-

214 1695 278 1736 cia
308 1694 513 1748 (Herodot
543 1694 620 1746 VI,
652 1697 720 1749 95)
761 1709 833 1749 pro
864 1696 1040 1748 consule,
1080 1696 1190 1750 quod
1219 1697 1256 1737 ei
1286 1710 1435 1747 munus
1464 1710 1547 1737 non
1577 1696 1775 1737 attulerat
1804 1695 1944 1737 volun-

215 1767 290 1815 tas,
322 1763 392 1805 sed
422 1764 656 1805 necessitas.
720 1763 899 1806 »Lucem
929 1789 984 1795 —
1014 1766 1072 1806 sic
1093 1766 1255 1819 scripsit
1285 1779 1334 1806 ex
1363 1765 1573 1819 provincia
1602 1780 1663 1819 ep.
1684 1764 1726 1808 V
1749 1767 1812 1817 15,
1837 1767 1857 1806 1
1894 1791 1943 1795 —

215 1832 347 1872 lucem
390 1832 616 1882 desidero«,
661 1833 715 1874 ad
754 1832 946 1875 Atticum
985 1838 1124 1875 autem
1169 1834 1292 1875 »mihi
1333 1834 1510 1876 solitudo
1549 1838 1590 1875 et
1631 1848 1814 1875 recessus
1853 1848 1945 1888 pro-

214 1901 347 1942 vincia
386 1904 472 1942 est«
522 1901 621 1942 XII
661 1903 725 1954 26,
767 1903 806 1943 2.
874 1901 1004 1945 Vides
1048 1916 1128 1956 quo
1173 1904 1259 1944 iure
1304 1903 1453 1945 dixerit
1497 1902 1732 1944 »hominum
1773 1903 1946 1957 vestigia

213 1969 389 2011 vitans«.
448 1969 662 2012 Perlustra
693 1985 843 2023 versus,
885 1985 986 2025 quos
1024 1971 1088 2013 his
1119 1971 1449 2014 Tusculanarum
1479 1971 1593 2013 libris
1624 1972 1846 2013 immiscuit
1876 1970 1944 2014 Ci-

214 2051 317 2090 cero,
362 2039 542 2080 invenies
581 2053 650 2081 eos
690 2040 743 2082 ad
773 2055 901 2081 unum
941 2040 1028 2082 fere
1067 2054 1208 2082 omnes
1246 2042 1306 2082 ita
1336 2055 1424 2083 esse
1454 2045 1723 2095 comparatOS‚
1767 2044 1814 2081 ut
1847 2040 1945 2082 dum

216 2107 390 2149 aliorum
419 2108 607 2162 exempla
636 2107 712 2149 sibi
742 2109 943 2163 proponit,
975 2123 1102 2162 suam,
1132 2113 1333 2163 quantum
1361 2109 1453 2151 fieri
1485 2113 1631 2164 potest,
1663 2110 1824 2151 minuat
1852 2110 1945 2151 tris-

215 2177 361 2218 titiam.
422 2175 532 2221 Vere
562 2177 746 2232 profecto
777 2178 940 2232 scripsit
969 2177 1022 2219 ad
1053 2179 1230 2220 amicum
1271 2178 1396 2220 »nihil
1427 2179 1478 2221 de
1508 2192 1691 2220 maerore
1723 2177 1945 2220 minuendo

214 2246 410 2299 scriptum
441 2246 492 2287 ab
522 2246 606 2287 ullo
636 2251 709 2298 est,
754 2247 862 2301 quod
893 2260 969 2300 ego
1000 2261 1082 2288 non
1112 2248 1304 2301 legerim«
1341 2247 1440 2289 XII
1473 2249 1536 2300 14,
1567 2249 1638 2288 3a.
1671 2249 1724 2288 45
1760 2248 1946 2290 »relaxer

213 2318 352 2356 tamen
382 2314 434 2356 ad
465 2316 682 2369 omniaque
722 2316 830 2357 nitor
868 2329 950 2357 non
991 2316 1044 2358 ad
1082 2317 1276 2369 animum,
1317 2317 1389 2358 sed
1429 2316 1482 2358 ad
1522 2317 1679 2358 vultum
1720 2317 1864 2370 ipsum,
1911 2317 1942 2358 si

213 2397 372 2436 queam,
413 2383 720 2426 reficiendum«.
780 2384 894 2439 Ergo
924 2385 1159 2427 consolatur
1198 2400 1241 2427 se
1279 2386 1376 2440 ipse,
1419 2400 1511 2427 cuin
1542 2399 1682 2427 eorum
1712 2399 1832 2427 casus
1862 2399 1944 2427 me-

217 2452 346 2504 minit,
389 2454 458 2506 qui
498 2453 618 2494 simili
659 2454 699 2494 in
738 2453 907 2496 fortuna
944 2454 1128 2496 fuerant:
1178 2455 1312 2496 »levat
1350 2455 1459 2496 enim
1499 2454 1681 2496 dolorem
1719 2454 1945 2496 communis

217 2523 333 2575 quasi
363 2522 463 2576 legis
493 2526 535 2564 et
563 2522 768 2565 humanae
799 2522 1048 2565 condicionis
1078 2523 1329 2565 recordatio«
1364 2537 1426 2578 ep.
1457 2522 1523 2567 VI
1554 2524 1591 2576 6,
1624 2524 1686 2564 12.

623 2728 691 2772 De
722 2727 943 2772 Cicerone
974 2729 1220 2784 Euripidis
1252 2730 1530 2784 interprete.

328 2852 396 2894 De
430 2852 627 2907 Euripide
657 2853 798 2895 breves
828 2855 999 2905 orimus;
1030 2859 1127 2896 sunt
1156 2857 1263 2895 onim
1297 2855 1478 2909 plerique
1510 2855 1584 2895 loci
1619 2855 1677 2894 ita
1707 2855 1944 2908 comparati,

217 2925 261 2963 ut
292 2921 345 2963 ad
375 2925 505 2963 artem
528 2922 760 2976 interpretis
781 2923 1106 2976 cognoscendam
1137 2923 1247 2965 haud
1278 2924 1449 2964 inultum
1473 2923 1647 2964 valeant.
1707 2921 1808 2964 Tria
1827 2923 1941 2976 quasi

334 3049 368 3091 1)
393 3049 437 3084 cf.
464 3049 568 3084 Marx
594 3048 711 3086 Lucil.
742 3049 778 3083 11
806 3060 890 3095 pag.
916 3049 950 3085 3.
