2159 3481
903 101 1182 140 -44-

179 223 289 277 quod
335 224 421 277 ipse
467 225 630 278 scripsit
665 224 825 265 ‘artifex
874 223 1010 265 »Non
1057 225 1236 276 omnia,
1277 239 1620 280 quaecumque
1665 226 1911 279 loquimur

179 292 297 333 mihi
330 292 388 333 ad
419 297 577 334 artem
607 297 656 334 et
685 293 744 335 ad
775 297 1046 347 praecepta
1085 293 1318 335 videntur
1357 308 1465 336 esse
1505 297 1811 339 revocanda«
1859 298 1910 340 de

179 374 235 401 or.
265 360 313 401 II
345 362 369 415 ξ
400 363 466 413 44,
495 363 713 416 praecipue
744 367 882 403 autem
913 362 1014 403 illud
1057 361 1213 403 »Nolo
1244 363 1421 415 omnia,
1451 378 1575 417 quae
1605 365 1791 408 cadunt
1819 369 1909 409 ali-

178 429 376 484 quando
418 431 465 471 in
507 434 776 483 oratorem,
820 431 1044 485 quamvis
1089 431 1271 484 exigua
1309 431 1428 484 sint,
1472 446 1528 474 ea
1571 434 1641 475 sic
1684 438 1910 489 tractari,

178 499 317 552 quasi
356 498 482 540 nihil
523 501 684 554 possit
722 500 819 542 dici
862 500 968 541 sine
998 500 1280 554 praeceptis
1319 501 1450 542 suis«
1494 501 1588 544 ibid.
1620 504 1644 557 ξ
1675 505 1741 545 47.
1798 505 1912 549 Illud

179 581 273 609 vero
313 567 542 610 tenebimus
587 573 770 611 »artem
814 582 908 610 non
952 583 1079 621 csse,
1123 569 1222 610 nisi
1265 583 1388 623 quae
1420 585 1585 612 ——non
1626 586 1676 614 ex
1716 588 1801 615 una
1839 579 1913 617 aut

180 635 340 678 duabus
371 663 424 667 —
454 638 525 680 sed
556 652 612 679 ex
641 638 815 679 multis
845 638 996 679 animi
1027 638 1436 692 perceptionibus
1474 644 1716 683 constat«.
1775 642 1909 686 Acad.

179 704 227 746 ΙΙ
249 707 314 747 22.
374 705 531 761 Quodsi
562 707 661 761 quid
691 708 792 749 artis
811 707 959 749 vidisse
989 706 1107 748 nobis
1137 708 1318 761 contigit,
1348 709 1556 762 aperuisse
1576 714 1767 764 putemus
1787 726 1911 754 venas

180 776 316 828 ingeni
347 776 589 818 reconditas.

460 855 723 911 »Temptavit
751 870 911 911 quoque
943 871 1028 898 rem
1059 857 1092 897 si
1122 856 1245 910 digne
1276 861 1432 899 vertere
1462 863 1601 913 posset

460 924 542 966 »Et
570 926 726 980 placuit
756 925 830 967 sibi
862 930 1012 967 natura
1042 925 1226 967 sublimis
1255 930 1297 967 et
1326 940 1458 969 acer«.

178 1006 482 1061 Prosequamur
510 1006 575 1048 his
604 1006 786 1048 versibus
818 1007 924 1048 vatis
953 1005 1106 1047 Horati
1137 1007 1376 1048 memoriam
1407 1009 1534 1049 nostri

769 1098 916 1151 Marci,
947 1098 1059 1140 Tulli
1091 1097 1312 1142 Ciceronis.
