2159 3481
927 153 1209 195 -26—

202 280 316 323 aliud
345 284 418 333 est,
448 295 572 335 quam
609 279 827 322 »laboris
856 276 1123 333 pe1pessi0«?
1153 277 1222 332 (ad
1244 277 1402 320 Heren.
1421 277 1497 320 III
1529 279 1627 333 §3).
1685 278 1786 321 Duo
1816 291 1935 333 syno-

202 364 327 405 nyma
371 350 500 391 »ferte
538 356 580 391 et
619 349 816 391 tolerate«
864 347 1084 402 desumpta
1124 350 1222 389 sunt
1260 346 1312 388 ab
1352 347 1577 402 interprete
1617 362 1668 389 ex
1712 350 1936 402 »perpetua

201 418 419 461 verborum
441 418 746 460 concertatione
777 431 930 469 eorum,
960 417 1030 470 qui
1061 415 1265 458 definiunt
1294 415 1491 468 dolorem,
1521 430 1614 457 cum
1646 416 1790 458 dicunt
1818 430 1935 471 aspe—

202 502 305 540 rum,
350 487 516 530 difficile
547 501 756 542 perpessu,
801 486 993 538 durum,
1039 473 1247 539 vix'quod
1286 485 1409 526 terri
1440 484 1753 539 tolerarique
1783 485 1931 539 possit«

203 556 325 598 Tusc.
356 556 405 598 II
444 556 565 612 §30.
644 555 784 608 Haec,
829 569 1083 609 quamquam
1126 554 1321 596 dicuntur
1363 553 1414 595 de
1457 553 1686 607 doloribus,
1729 554 1939 608 pertinent

203 626 327 667 etiam
372 626 426 667 ad
474 626 699 668 »labores«.
759 625 928 666 Etenim
979 623 1100 666 »licet
1139 623 1303 665 intersit
1340 622 1496 677 aliquid
1535 623 1643 664 inter
1681 622 1866 664 laborem
1897 627 1939 665 et

203 694 398 747 dolorem,
439 699 537 737 sunt
573 699 712 736 tamen
753 693 929 735 finitima
960 726 968 734 .
999 726 1007 734 .
1039 726 1047 734 .
1077 725 1085 734 .
1118 697 1160 735 et
1187 692 1306 734 labor
1345 695 1408 734 est
1445 692 1605 734 functio
1635 691 1842 746 quaedam
1874 692 1938 734 vel

203 764 330 805 animi
369 764 433 806 vel
477 764 658 818 corporis
702 763 900 818 gravioris
940 763 1074 817 operis
1114 766 1155 804 et
1194 761 1399 803 muneris«
1450 760 1548 803 Tus.
1579 760 1629 802 ΙΙ
1659 761 1684 814 ξ
1715 760 1782 803 35.
1842 760 1937 802 Iam

201 832 328 886 igitur
357 833 391 875 si
419 836 551 874 totum
583 845 744 874 versum
785 830 1009 872 contuleris
1040 844 1133 872 cum
1166 829 1342 882 Graeco,
1386 843 1480 871 eum
1519 829 1644 884 plane
1686 843 1838 871 novum
1871 844 1938 871 ex-

202 902 334 944 titisse
366 901 442 943 sub
473 901 666 943 manibus
687 900 856 942 artificis
879 899 1092 942 concedes.
1150 898 1212 941 Ut
1241 899 1351 940 enim
1374 897 1533 953 Vergili
1564 912 1704 941 versus
1739 898 1940 951 »Durate,

204 974 245 1011 ct
290 974 447 1012 vosmet
485 970 609 1012 rebus
651 973 812 1012 servate
861 968 1076 1011 secundis«
1127 969 1251 1022 (Aen.
1285 967 1308 1009 I
1346 967 1444 1021 207)
1487 968 1548 1009 ita
1587 967 1801 1011 Ciceronis
1845 982 1940 1010 cum

204 1039 390 1081 Homero
422 1039 478 1080 nil
508 1038 636 1081 habet
665 1052 896 1091 commune,
940 1037 1020 1079 nisi
1063 1051 1191 1079 unum
1224 1036 1393 1078 verbum
1443 1036 1634 1093 >>τλῆτε<<.
1694 1035 1846 1090 Itaque
1877 1036 1941 1078 vel

203 1122 253 1149 ex
283 1108 362 1150 hoc
382 1109 516 1163 primo
537 1122 669 1161 versu,
699 1122 821 1162 quem
843 1107 1124 1159 tractavimus,
1155 1106 1440 1160 cognoscimus
1463 1104 1707 1148 Ciceronem
1739 1120 1828 1147 esse
1858 1120 1941 1148 non

203 1179 483 1232 interpretem,
526 1178 599 1220 sed
629 1178 892 1219 imitatorem.
953 1176 1092 1218 Multo
1121 1175 1164 1217 id
1194 1175 1329 1230 magis
1360 1174 1590 1229 apparebit,
1636 1174 1670 1216 si
1701 1178 1942 1229 sequentem

203 1261 364 1289 versum
398 1240 424 1303 ἢ
455 1243 573 1289 ἐτεόν
603 1243 780 1299 Κάλχας
809 1243 1065 1300 μαντεύεται
1097 1240 1147 1302 ἠὲ
1177 1242 1250 1286 καὶ
1293 1239 1391 1287 οὐκί
1431 1258 1526 1286 cum
1558 1243 1760 1286 Cicerone
1799 1247 1941 1286 contu-

203 1316 310 1358 len's.
370 1316 453 1358 Pro
492 1330 575 1358 uno
617 1316 727 1358 enim
766 1315 836 1357 ille
873 1315 976 1357 duos
1005 1315 1175 1369 profert,
1218 1314 1260 1355 in
1306 1313 1456 1368 quibus
1493 1312 1608 1355 facili
1648 1326 1774 1367 opera
1813 1313 1943 1354 vitare

204 1385 340 1439 potuit
369 1389 455 1427 tam
485 1386 611 1428 fortia
633 1385 770 1438 verba,
800 1384 941 1439 qualia
970 1388 1067 1427 sunt
1101 1387 1289 1425 »ratosne
1320 1382 1505 1424 habeant
1534 1396 1589 1424 an
1618 1396 1746 1424 vanos
1765 1383 1944 1437 pectoris

205 1469 361 1496 orsus«.
439 1454 525 1497 Sed
568 1455 687 1509 quasi
730 1454 910 1509 quodam
957 1453 1163 1495 tralaticio
1207 1465 1396 1494 sermone
1441 1451 1582 1493 utitur.
1669 1450 1790 1492 Dixit
1832 1451 1943 1492 enim

210 1525 410 1577 »pectoris
441 1540 578 1568 orsus«
614 1529 846 1580 propterea,
876 1523 987 1578 quod
1017 1522 1213 1564 vaticinia
1243 1536 1294 1563 ex
1323 1524 1490 1576 pectore
1521 1519 1708 1561 anhelari
1738 1519 1944 1574 putaban-

206 1597 273 1634 tur
302 1594 369 1646 (cf.
404 1594 527 1649 Verg.
559 1595 670 1637 Aen.
701 1593 767 1637 VI
798 1594 865 1646 48,
908 1592 1029 1635 Ovid.
1061 1591 1182 1633 Pout.
1214 1590 1289 1632 111
1318 1590 1357 1642 4,
1388 1590 1443 1632 93
1492 1588 1618 1631 »deus
1657 1592 1721 1631 est
1749 1588 1792 1630 in
1831 1602 1945 1643 pec-

206 1666 310 1703 tore
342 1667 492 1716 nostro,
521 1664 626 1706 haec
656 1663 761 1705 duce
791 1662 986 1717 praedico
1007 1661 1290 1714 vaticinorque
1321 1659 1454 1713 deo«).
1514 1657 1606 1700 Nec
1641 1657 1766 1699 »rati«
1801 1657 1945 1700 dicun-

206 1735 274 1772 tur
303 1746 429 1785 orsus,
461 1733 538 1774 nisi
569 1747 620 1774 ex
649 1731 838 1774 sollemni
869 1731 1051 1785 quadam
1080 1729 1372 1783 haruspicinae
1401 1727 1588 1770 oratione
1618 1726 1685 1781 (de
1709 1726 1803 1768 Div.
1834 1726 1859 1768 I
1879 1727 1946 1780 85,

207 1801 256 1842 Π
286 1801 368 1855 80).
430 1802 571 1843 Etiam
603 1801 655 1843 de
685 1801 869 1842 vanitate
899 1800 1024 1842 totius
1057 1797 1322 1840 divinationis
1353 1797 1417 1839 his
1454 1796 1569 1839 libris
1597 1797 1748 1838 iterum
1777 1796 1945 1838 iterum-

207 1886 286 1925 que
318 1871 503 1926 disputat
532 1872 585 1913 cf.
622 1870 890 1912 »irrideamus
911 1869 1164 1923 haruspices,
1195 1881 1347 1909 vanos
1378 1870 1420 1908 et
1449 1866 1591 1908 futiles
1621 1879 1711 1908 esse
1731 1864 1944 1908 dicamus«

208 1940 231 1981 I
263 1942 286 1994 ξ
318 1940 383 1982 36.
443 1940 536 1982 Iam
567 1941 714 1994 incipit
743 1939 939 1991 narratio,
978 1931 1024 1980 εὖ
1056 1936 1136 1992 γὰρ
1167 1935 1220 1994 δὴ
1251 1934 1351 1978 τόδε
1377 1932 1511 1989 ἴδμεν.
1571 1934 1778 1977 Narratur
1807 1939 1947 1977 autem

207 2009 453 2064 prodigium.
515 2010 649 2064 Atqui
679 2009 913 2064 postulatur
955 2008 1007 2050 ab
1047 2009 1136 2061 ipso
1168 2006 1370 2050 Cicerone
1417 2009 1488 2047 »ut
1531 2004 1652 2047 rebus
1696 2018 1773 2058 par
1813 2004 1867 2046 sit
1907 2007 1949 2045 et

209 2078 394 2132 aequalis
425 2079 630 2121 narratio«
675 2093 731 2120 or.
767 2078 860 2120 123.
920 2077 988 2119 δεῖ
1026 2074 1104 2131 γὰρ
1144 2071 1219 2118 τὸν
1257 2069 1430 2129 ἀγαθὸν
1461 2072 1651 2130 ποιητὴν
1682 2071 1757 2114 καὶ
1788 2070 1947 2129 ῥήτορα

207 2144 442 2204 μιμητικόν
473 2141 581 2189 εἶναι
614 2147 699 2189 τῶν
729 2144 998 2203 πραγμάτιον
1031 2141 1142 2200 ὑπὲρ
1181 2136 1239 2185 ὧν
1278 2139 1331 2186 ὄῖν
1368 2142 1468 2193 τοὺς
1499 2140 1649 2196 λόγους
1680 2140 1856 2198 ἑκφέρηι
1885 2139 1946 2197 μὴ

208 2211 336 2270 μόνον
366 2214 476 2258 κατὰ
507 2215 584 2273 τὴν
615 2211 792 2273 ἐκλογὴν
821 2217 906 2257 τῶν
937 2208 1173 2268 ὀνομάτων,
1207 2209 1320 2255 ἀλλὰ
1349 2211 1423 2255 καὶ
1454 2210 1563 2254 κατὰ
1595 2209 1672 2269 τὴν
1700 2208 1946 2254 cumeum«.

211 2287 334 2328 Dion.
378 2287 429 2329 de
470 2301 648 2341 compos.
680 2286 790 2328 verb.
829 2301 923 2340 pag.
954 2285 1009 2327 89
1052 2283 1249 2326 Raderm.
1312 2282 1449 2337 Quam
1494 2281 1628 2336 legem
1671 2280 1835 2322 videtur
1877 2278 1948 2321 ob-

211 2370 395 2397 servasse
417 2356 619 2410 interpres
648 2356 689 2397 in
723 2355 844 2398 huius
866 2369 1004 2397 versus
1024 2354 1226 2405 versione,
1257 2354 1383 2395 mirus
1413 2352 1523 2393 enim
1554 2354 1616 2393 est
1645 2354 1687 2392 et
1715 2349 1946 2391 litterarum

212 2429 436 2467 concentus
467 2425 681 2478 (»mem0ri
712 2457 720 2466 .
752 2458 760 2466 .
791 2458 798 2466 .
832 2428 993 2466 niente«
1030 2425 1081 2465 cf.
1112 2423 1216 2465 Hor.
1245 2426 1321 2464 sat.
1352 2420 1401 2463 II
1432 2421 1470 2473 6,
1500 2420 1568 2472 31)
1608 2423 1648 2461 et
1677 2417 1863 2474 syllabae
1896 2442 1948 2447 -

212 2498 317 2535 -ent-
349 2498 411 2536 ter
440 2494 640 2549 repetitae
681 2494 723 2535 in
770 2493 833 2535 his
883 2496 1166 2548 »portentum
1212 2494 1372 2536 mente
1416 2491 1688 2535 retentant«.
1748 2487 1950 2529 Portenta

212 2564 328 2617 quasi
375 2567 616 2618 portentosa
662 2564 848 2605 oratione
892 2562 1171 2617 proferuntur.
1248 2559 1404 2603 Similis
1446 2561 1509 2600 est
1555 2556 1767 2600 Ciceronis
1809 2569 1951 2597 versus

218 2632 368 2674 »Tristi
415 2633 641 2678 advolatu
687 2632 903 2677 aduncis
952 2632 1152 2676 lacerans
1193 2627 1442 2683 unguibus«
1487 2625 1600 2679 (Tus.
1642 2626 1689 2667 ΙΙ
1732 2625 1856 2681 ξ24)
1898 2624 1950 2666 de

214 2702 354 2756 aquila
385 2702 623 2744 Promethei
654 2703 768 2743 iecur
797 2701 1040 2742 dilaniante.
1100 2699 1213 2741 Nam
1251 2699 1286 2740 is
1326 2710 1488 2752 quoque
1527 2710 1669 2737 versus
1709 2708 1758 2736 ex
1789 2694 1847 2736 eis
1877 2697 1951 2745 est,

214 2771 265 2812 de
296 2772 446 2824 quibus
477 2771 652 2826 Dionysi
682 2770 1067 2813 Halicarnassensis
1099 2769 1223 2810 verba
1253 2766 1518 2809 conferantur
1547 2779 1640 2819 pag.
1672 2763 1727 2807 60
1757 2763 1781 2804 l.
1812 2763 1837 2805 1.
1874 2759 1950 2803 »τὰ

214 2835 444 2895 γράμματα
486 2838 560 2881 καὶ
604 2835 682 2890 τὰς
725 2833 943 2893 συλλαβὰς
986 2835 1148 2888 οἰκείας
1190 2829 1255 2887 οἷς
1297 2830 1349 2877 ἂν
1387 2832 1629 2888 βούλωνται
1669 2831 1949 2886 παραστῆσαι

216 2906 416 2950 πάθεσιν
447 2906 659 2959 ποικίλως
689 2907 1024 2965 φιλοτεχνοῦσιν.

327 2977 524 3020 Narratio
555 2978 688 3032 qualis
719 2992 807 3020 esse
839 2977 991 3019 debeat
1022 2990 1102 3018 non
1135 2974 1262 3017 semel
1299 2972 1489 3027 exposuit
1519 2971 1684 3022 Cicero;
1730 2969 1833 3011 »erit
1860 2981 1950 3023 per-

216 3049 358 3103 spicua
389 3048 421 3089 si
453 3048 587 3090 verbis
616 3048 778 3089 usitatis
808 3046 1068 3087 narrabitur«
1112 3044 1165 3086 de
1194 3046 1298 3086 orat.
1332 3042 1379 3084 II
1411 3042 1507 3083 329.
1568 3040 1717 3093 Itaque
1748 3038 1950 3092 interpres

217 3119 256 3160 in
289 3118 353 3160 his
384 3131 547 3172 quoquc
578 3116 786 3159 versiculis
822 3115 1008 3157 »usitatis
1040 3113 1195 3156 verbis«
1239 3114 1392 3163 narrat,
1435 3110 1477 3152 id
1508 3112 1669 3152 tantum
1702 3121 1863 3159 curans,
1905 3108 1953 3148 ut
