2159 3481
949 203 1225 244 —12-

222 331 377 378 (orator
395 328 475 379 62).
527 324 669 380 Quid?
719 325 865 367 Talem
896 328 1125 369 orationem
1155 341 1237 369 non
1268 329 1499 370 imitaretur
1520 328 1676 381 Cicero,
1706 331 1856 385 quippe
1886 332 1954 385 qui

223 394 330 436 hanc
359 394 586 449 perfectam
615 394 917 449 philosophiam
948 409 1108 450 semper
1136 395 1347 448 iudicaret,
1390 411 1496 451 quae
1533 397 1584 439 de
1614 399 1804 440 maximis
1832 413 1954 454 quae-

223 463 423 505 stionibus
444 464 606 518 copiose
637 468 776 517 posset
804 468 1028 518 ornateque
1048 462 1241 506 dicere«‘?
1272 463 1452 517 (Tuscul.
1473 465 1497 506 I
1519 468 1570 520 7).
1631 465 1817 519 Accedit,
1847 468 1956 522 quod

228 531 587 587 »philosophorum
618 533 750 574 oratio
779 547 911 587 neque
941 547 1086 575 nervos
1116 547 1248 588 neque
1279 534 1443 576 aculeos
1463 536 1664 577 oratorios
1694 549 1743 577 ac
1772 535 1956 578 forenses

222 600 386 653 habet«,
416 601 526 655 quod
555 606 599 643 et
627 602 713 656 ipse
745 600 889 644 Cicero
919 601 1152 644 forensibus
1182 601 1390 644 laboribus
1419 617 1572 645 vacuus
1602 608 1702 656 erat,
1747 619 1839 646 cum
1869 619 1954 647 ver-

222 673 329 710 teret
358 669 590 711 Platonem.
649 670 798 724 Itaque
838 672 996 713 iacente
1034 685 1078 713 re
1108 671 1284 726 publica,
1325 676 1489 714 tacente
1529 672 1683 714 forensi
1722 673 1957 728 eloquentia

223 738 412 793 confugit
441 753 624 781 summus
655 744 793 781 orator
823 740 875 781 ad
906 741 1052 782 summi
1085 740 1317 796 philosophi
1362 741 1615 796 »placidam«
1659 741 1773 783 illam
1816 742 1955 784 »seda-

222 811 389 861 tamque
420 808 736 862 eloquentiam«,
779 823 904 863 quam
943 809 1229 862 aemularetur,
1274 815 1321 852 ut
1360 811 1493 865 siquid
1538 814 1761 865 occupatus
1801 810 1958 865 profuit

222 875 388 928 civibus,
418 877 632 931 prodesset
660 879 785 920 etiam
806 879 971 919 otiosus.
1030 878 1325 933 Eloquentiam
1345 879 1627 922 aemulaturus
1646 883 1752 921 erat:
1784 893 1837 920 an
1858 893 1957 921 casu

222 944 381 987 factum
411 945 659 1000 putabimus,
700 947 809 1002 quod
849 948 956 988 inter
985 951 1049 988 tot
1077 948 1187 989 locos
1216 963 1242 990 a
1272 948 1470 991 Cicerone
1499 949 1723 990 translatos
1753 947 1955 990 nobilissi-

222 1028 314 1056 mae
344 1019 441 1056 sunt
470 1016 687 1068 orationes,
716 1016 847 1057 altera
872 1017 1083 1058 morientis
1105 1015 1290 1059 Socratis
1319 1017 1501 1071 (Tuscul.
1521 1017 1545 1059 1
1567 1019 1678 1072 §97)
1708 1016 1957 1059 conferenda

222 1083 378 1125 scilicet
407 1098 500 1125 cum
529 1098 589 1136 ea,
634 1099 758 1139 quam
791 1084 925 1140 Cyrus
954 1086 1133 1127 moriens
1172 1085 1319 1127 habuit
1348 1090 1391 1127 et
1417 1100 1543 1141 quam
1571 1087 1696 1128 vertit
1722 1085 1884 1127 Tullius
1914 1086 1955 1127 'm

222 1151 360 1193 libello
390 1152 442 1194 de
472 1157 682 1195 senectute
711 1155 750 1207 (ἓ
769 1155 944 1208 79sqq.),
976 1154 1108 1196 altera
1136 1170 1187 1197 ex
1207 1153 1397 1196 Platonis
1427 1153 1611 1197 Timaeo.
1669 1153 1816 1209 Neque
1847 1156 1956 1197 enim

221 1225 285 1262 est
321 1221 602 1276 fragmentum
635 1221 847 1265 Ciceronis
885 1225 953 1277 qui
993 1223 1144 1265 dicitur
1180 1223 1376 1266 Timaeus
1420 1224 1493 1265 sed
1536 1225 1699 1278 integra
1735 1225 1865 1265 oratio
1906 1237 1957 1265 ex

222 1289 410 1331 Platonis
441 1289 612 1333 Timaeo
651 1291 880 1346 desumpta,
922 1307 971 1333 ea
1009 1293 1180 1345 ratione,
1223 1297 1271 1334 ut
1310 1293 1558 1334 insereretur
1602 1292 1778 1346 dialogo.
1835 1292 1956 1336 Haec

222 1359 355 1413 prima
384 1361 637 1414 quaestionis
664 1360 943 1403 fundamenta
971 1362 1067 1403 iecit
1097 1361 1143 1404 C.
1164 1361 1211 1403 F.
1232 1361 1451 1403 Hermann
1483 1362 1524 1402 in
1555 1361 1820 1404 celeberrima
1848 1375 1955 1403 com-

221 1429 475 1470 mentatione
524 1429 599 1471 »de
629 1431 967 1484 interpretatione
998 1430 1158 1473 Timaei
1189 1430 1378 1473 Platonis
1407 1431 1561 1485 dialogi
1597 1445 1622 1472 a
1653 1429 1852 1473 Cicerone
1894 1444 1955 1472 re-

221 1497 343 1539 licta«
379 1496 567 1553 Gotting.
602 1500 723 1551 1842,
767 1514 872 1553 quae
913 1501 1047 1554 priore
1089 1504 1206 1555 parte
1247 1501 1335 1554 agit
1372 1501 1423 1543 de
1461 1500 1631 1542 consilio
1669 1500 1878 1554 scriptoris
1914 1500 1955 1540 in

223 1567 560 1622 interpretatione
598 1568 800 1610 facienda.
862 1568 1012 1611 Altera
1050 1584 1146 1624 pars
1187 1574 1251 1611 est
1290 1570 1341 1612 de
1380 1571 1438 1611 eis
1478 1570 1589 1621 locis,
1633 1568 1781 1623 quibus
1824 1570 1955 1611 oratio

221 1637 429 1678 emendari
462 1638 600 1691 possit.
663 1636 893 1692 Sexaginta
920 1638 1007 1680 fere
1038 1640 1158 1680 annis
1188 1644 1282 1693 post
1310 1639 1480 1681 tandem
1501 1639 1670 1690 exstitit,
1699 1638 1768 1692 qui
1801 1638 1842 1678 in
1873 1642 1955 1679 sta-

221 1705 334 1747 dium
364 1720 496 1760 paene
525 1706 733 1749 desertum
762 1707 1062 1761 regrederetur:
1096 1707 1143 1751 C.
1174 1707 1291 1750 Fries
1326 1707 1727 1762 »Untersuchungen
1758 1721 1807 1748 zu
1839 1705 1955 1750 Cice-

221 1788 287 1816 ros
318 1774 537 1816 Timaeus«
573 1775 682 1817 Mus.
714 1775 848 1817 Rhen.
877 1777 953 1818 vol.
984 1775 1089 1819 LIV
1119 1781 1162 1818 et
1190 1775 1282 1820 LV.
1343 1776 1424 1832 Qui
1464 1792 1547 1832 qua
1583 1777 1800 1831 diligentia
1829 1776 1955 1818 disse-

221 1845 349 1885 ruerit
386 1845 528 1899 paucis
567 1845 690 1887 liceat
729 1845 945 1887 illustrare.
1004 1845 1056 1887 In
1086 1845 1196 1888 Mus.
1228 1845 1363 1888 Rhen.
1395 1848 1449 1887 54
1479 1860 1571 1900 pag.
1604 1848 1683 1888 571
1716 1846 1792 1888 has
1823 1860 1956 1901 nugas

221 1913 394 1967 profert:
430 1913 538 1955 »Die
568 1913 693 1956 Form
724 1914 1051 1957 absolutissimus
1082 1914 1184 1968 (Cic.
1216 1914 1321 1957 Tim.
1352 1929 1445 1970 pag.
1466 1917 1616 1967 99820)
1645 1915 1849 1970 begegnet
1878 1930 1957 1958 uns

222 1983 262 2022 in
293 1982 367 2024 der
396 1997 573 2038 ganzen
604 1984 842 2027 Latinitat
873 1997 964 2027 nur
1004 1984 1109 2025 noch
1140 1984 1248 2025 beim
1278 1984 1442 2025 Auctor
1471 1984 1524 2026 ad
1554 1983 1657 2025 Her.
1687 1983 1736 2026 Π
1768 1986 1831 2037 18,
1861 1986 1955 2027 28«.

222 2050 353 2105 Atqui
384 2052 536 2105 legitur
565 2052 672 2094 idem
704 2053 976 2106 superlativus
1007 2052 1158 2094 ibidem
1184 2052 1252 2096 IV
1275 2055 1338 2105 19,
1360 2054 1426 2105 26,
1455 2052 1562 2094 Plin.
1585 2054 1701 2107 epist.
1721 2052 1745 2094 I
1767 2054 1820 2095 ‘20
1845 2054 1869 2107 ξ
1892 2055 1955 2105 10,

222 2119 354 2161 Tacit.
385 2121 483 2163 dial.
511 2121 534 2163 I
567 2123 590 2162 5
627 2121 830 2163 »Bassum
862 2155 869 2162 .
901 2155 908 2162 .
940 2155 948 2162 .
980 2122 1328 2164 absolutissimum
1359 2126 1563 2176 poetam«.
1594 2147 1649 2152 —
1679 2121 1789 2163 Mus.
1820 2121 1954 2164 Rhen.

223 2191 276 2230 54
307 2204 398 2244 pag.
417 2191 497 2232 572
529 2191 600 2231 lin.
626 2193 676 2232 13
708 2190 892 2232 Friesius
921 2191 999 2233 hoe
1028 2205 1102 2232 nos
1132 2191 1252 2233 docet
1286 2191 1505 2233 »utensilia
1534 2191 1699 2244 (97525)
1729 2190 1835 2232 auch
1865 2204 1955 2234 nur

222 2259 341 2303 noch
385 2259 449 2301 bei
483 2259 716 2302 Columella
757 2260 1081 2301 nachiveisbar«2
1129 2264 1173 2302 at
1214 2264 1350 2302 exstat
1395 2260 1506 2314 apud
1542 2259 1718 2312 Livium,
1761 2259 1954 2312 Plinium,

222 2327 506 2380 Columellam,
552 2328 754 2370 Tacitum.
828 2329 947 2370 Idem
991 2328 1173 2371 Friesius
1218 2329 1370 2371 adiecit
1418 2328 1594 2370 indicem
1643 2327 1953 2370 vocabulorum:

221 2412 312 2451 pag.
344 2399 424 2439 583
468 2398 643 2440 adnotat
680 2412 709 2438 s.
739 2413 775 2439 v.
814 2393 1144 2453 ἀπεργάζεσθαι
1192 2399 1345 2440 »orior«
1398 2398 1503 2439 1007
1518 2417 1571 2443 23.
1636 2396 1709 2438 Nil
1755 2398 1952 2451 ineptius!

220 2465 495 2520 Inspiciamus
518 2467 649 2521 ipsum
679 2467 829 2508 locum:
875 2464 940 2508 »τὸ
971 2464 1017 2507 δὲ
1048 2461 1212 2508 λοιπόν
1234 2463 1355 2519 ὑμεῖς
1375 2461 1607 2507 ἆθανιίτωι
1629 2458 1788 2521 θνητόν
1816 2480 1954 2521 προσ-

221 2532 474 2590 υφαίνοντες
504 2527 811 2589 α’περγάζεσθε
843 2535 930 2590 ζῷα
960 2533 1035 2576 καὶ
1066 2535 1238 2590 γεννᾶτε
1268 2529 1431 2591 τροφήν
1460 2549 1506 2576 τε
1536 2531 1729 2583 διδόντες
1751 2529 1955 2586 αὔξοὶνετε

222 2602 291 2644 καὶ
326 2601 544 2660 φῖὶίνοντα
575 2601 712 2645 πάλιν
742 2602 944 2656 disto-³22«
979 2604 1106 2646 41D:
1142 2604 1226 2647 Cic.
1259 2605 1345 2657 §41
1384 2617 1478 2645 »vos
1509 2608 1646 2645 autem
1678 2602 1731 2644 ad
1762 2602 1815 2653 id,
1845 2603 1954 2657 quod

221 2673 296 2712 crit
344 2673 572 2715 immortale
617 2677 775 2727 partem
822 2674 1037 2714 attexitote
1082 2673 1308 2715 mortalem.
1376 2671 1447 2713 Ita
1490 2673 1672 2714 orientur
1711 2672 1955 2723 animantes,

221 2756 322 2795 quos
352 2746 394 2783 ct
423 2743 534 2783 vivos
572 2742 694 2783 alatis
734 2746 777 2783 et
815 2746 1078 2796 consumptos
1119 2743 1211 2783 sinu
1241 2742 1488 2795 recipiatis«.
1548 2740 1662 2794 Ergo
1696 2739 1840 2783 Cicero
1870 2755 1953 2783 non

222 2810 387 2851 verbum
419 2826 467 2851 cx
500 2810 621 2852 verbo
650 2811 783 2862 vertit,
828 2811 898 2852 scd
933 2811 1180 2852 sententiam
1221 2811 1415 2864 exprimit
1444 2810 1512 2862 ita,
1554 2814 1601 2851 ut
1641 2824 1714 2864 pro
1744 2810 1955 2851 causativa

222 2880 536 2933 significatione,
581 2893 685 2933 quae
727 2880 829 2921 latet
871 2879 945 2921 sub
983 2879 1143 2921 duobus
1174 2878 1306 2920 verbis
1346 2874 1652 2934 ἀπεργάζεσθε
1682 2876 1755 2920 καὶ
1786 2879 1954 2932 γεννᾶτε

227 2948 407 2989 ..efficite
438 2953 479 2989 et
518 2952 751 3002 procreate<
799 2970 841 2983 Ξ
894 2948 1035 2990 >facite
1087 2952 1133 2989 ut
1177 2949 1382 2989 oriantmw
1435 2949 1576 2989 statim
1622 2948 1752 3001 ipsam
1797 2946 1950 2988 oriendi

223 3018 429 3058 notionem
470 3017 703 3058 substituat.
763 3017 897 3058 Miror
934 3018 1118 3071 profecto
1160 3016 1363 3058 Friesium
1410 3031 1488 3057 non
1531 3016 1750 3058 adnotasse
1793 3010 1953 3070 »ἀπερ-

223 3082 407 3138 γεὶζομαι
442 3085 547 3126 34Α
585 3106 628 3119 --
665 3085 815 3127 libero«
854 3111 903 3116 -ω
937 3110 988 3115 —
1023 3109 1075 3114 —
1106 3086 1227 3126 vertit
1256 3085 1363 3126 enim
1396 3084 1541 3127 Cicero
1576 3079 1770 3133 ἀπλανὲς
1802 3078 1951 3139 ἄπειρ-
