2159 3481
935 190 1206 229 —21-

210 316 382 370 simplex
412 315 617 356 sententia
646 317 718 365 est,
757 314 929 368 simplex
959 314 1089 355 versio
1125 314 1212 354 »sin
1243 327 1370 364 secus,
1411 312 1520 367 quod
1550 327 1601 354 ne
1631 312 1743 355 dictu
1773 313 1937 368 quidem

209 384 275 425 fas
313 387 386 435 est,
425 386 711 437 generatum
747 403 791 415 =
827 379 875 423 τὸ
908 379 1111 436 γεγονός
1141 381 1250 423 ‘29A
1294 381 1525 435 exemplum
1565 386 1628 423 est
1666 396 1739 436 pro
1770 386 1937 423 aeterno

209 457 411 494 secutus«.
470 451 592 493 Talia
620 450 741 492 facile
772 451 911 504 augeri
942 454 1132 504 possunt;
1170 450 1282 491 velut
1313 451 1410 503 §16
1440 464 1532 503 pag.
1564 452 1644 491 999
1656 470 1693 495 ³0
1730 452 1788 492 sic
1817 451 1940 492 vertit

211 520 354 564 Cicero
404 525 472 562 »ut
502 519 678 561 mundus
709 520 897 560 animans
926 523 1065 573 posset
1102 533 1158 559 ex
1196 518 1436 572 perfectis
1477 518 1663 572 partibus
1703 533 1791 560 esse
1830 533 1936 573 per-

208 590 372 631 fectus
397 611 442 622 =
467 586 637 630 τέλεον
667 586 720 629 ἐκ
749 586 972 638 τελέων<<,
1005 588 1047 627 in
1077 588 1261 628 oratione
1290 601 1373 628 non
1402 586 1606 641 bipertita.
1667 586 1936 641 Oontra§33

209 672 300 711 pag.
325 658 455 701 10057
496 656 623 698 »illud
651 656 867 710 perspici
900 659 948 696 et
976 655 1207 707 intellegi
1238 658 1375 708 potest
1407 676 1452 688 =
1486 651 1579 696 ἔστι
1616 657 1936 712 κατανοῆσαι

209 721 384 766 δυνατόν
415 725 534 777 39D,
575 724 807 766 absoluto
846 723 1171 778 perfectoque
1209 737 1378 764 numero
1414 724 1609 777 temporis
1650 723 1937 766 absolutum

208 809 362 835 annum
406 794 779 848 perfectumque
821 797 920 834 tunc
961 792 1154 846 compleri
1199 792 1375 846 denique
1420 813 1465 825 =
1509 787 1568 842 ὡς
1613 788 1637 834 δ’
1680 807 1724 847 γε
1767 790 1938 842 τέλεος

208 855 403 916 ἀριθμός
429 858 579 915 χρόνου
609 858 683 902 τὸν
712 858 886 902 τέλεον
917 858 1112 903 ἐνιαυτόν
1141 859 1305 917 πληροῖ
1335 857 1472 902 τότε<<.
1520 860 1572 902 cf.
1603 860 1654 902 de
1684 861 1777 903 Fin.
1809 861 1851 905 V
1884 862 1935 903 69

213 945 318 972 »non
357 930 526 984 perfecti
568 929 753 971 homines
785 962 792 971 .
823 963 831 971 .
863 962 872 970 .
903 963 910 971 .
941 929 1201 971 honestatem
1239 929 1420 984 undique
1461 929 1746 983 perfectam
1788 934 1937 984 atque

208 999 504 1051 absolutam,
561 1013 648 1040 rem
698 1013 825 1040 unam
872 999 1334 1053 praeclarissimam
1391 998 1573 1040 omnium
1630 999 1937 1053 maximeque

206 1067 554 1110 laudandam«.

318 1136 386 1178 Ex
414 1137 479 1178 his
517 1137 642 1190 igitur
680 1137 940 1190 agnoscimus
980 1137 1190 1190 ingenium
1222 1135 1444 1188 Ciceronis,
1485 1138 1554 1191 qui
1584 1137 1709 1191 patrii
1740 1138 1938 1179 sermonis

205 1210 491 1260 paupertatem
521 1220 596 1248 sua
624 1206 840 1247 verborum
870 1210 912 1247 et
941 1206 1060 1260 copia
1089 1209 1131 1246 et
1159 1205 1368 1259 elegantia
1397 1207 1610 1260 superarit.
1670 1205 1937 1259 Elegantiam

204 1274 307 1316 dico.
367 1275 540 1317 Habent
568 1276 688 1327 enim,
733 1279 779 1316 ut
809 1275 897 1329 ipso
929 1274 1127 1317 Cicerone
1158 1278 1263 1316 teste
1293 1278 1397 1327 utar,
1442 1274 1567 1317 verba
1603 1274 1707 1317 bene
1736 1274 1943 1324 collocata

205 1347 406 1396 ornatum,
455 1345 512 1386 »si
554 1344 709 1399 aliquid
747 1344 1036 1386 concinnitatis
1074 1343 1276 1396 efficiunt,
1321 1344 1430 1398 quod
1471 1343 1603 1386 verbis
1645 1344 1815 1386 mutatis
1854 1357 1937 1385 non

204 1417 372 1454 maneat
400 1416 593 1454 manente
623 1414 852 1455 sententia«
892 1426 948 1454 or.
979 1414 1003 1466 ξ
1035 1414 1100 1454 81.
1159 1411 1339 1455 Accedit
1368 1412 1477 1467 quod
1512 1427 1656 1454 »aures
1685 1416 1937 1467 exspectant,

204 1486 250 1524 ut
281 1486 376 1536 apte
406 1482 530 1523 verba
560 1482 735 1524 cadant«
769 1484 841 1536 (or.
876 1483 982 1535 168).
1044 1480 1163 1536 Quae
1194 1496 1287 1523 cum
1317 1483 1378 1523 ita
1407 1482 1489 1523 sint
1521 1483 1619 1536 §28
1649 1496 1744 1536 pag.
1778 1483 1930 1526 100321

206 1551 263 1591 sic
293 1551 455 1605 scripsit
486 1550 630 1593 Cicero
674 1550 806 1592 »orbis
838 1583 845 1591 .
878 1583 886 1591 .
918 1583 926 1591 .
956 1551 1251 1592 immutatus
1291 1554 1345 1592 et
1382 1554 1547 1592 rectus
1569 1552 1585 1608 Η
1606 1552 1744 1593 omnia
1774 1551 1937 1593 animo

204 1620 453 1673 mentique
475 1620 491 1675 Η
521 1619 754 1671 denuntiat,
803 1623 891 1661 tum
933 1619 1196 1673 opiniones
1245 1619 1681 1674 adsensionesque
1713 1619 1728 1674 ΙΙ
1758 1619 1937 1661 firmae

205 1702 446 1742 veraeque
468 1688 483 1743 Η
505 1689 768 1742 gignuntur«.
830 1687 994 1731 Graeca
1023 1689 1082 1730 sic
1111 1703 1153 1730 se
1183 1688 1355 1730 habent:
1387 1684 1544 1739 κύκλος
1577 1683 1738 1742 ὀρθός
1768 1721 1777 1730 .
1801 1722 1809 1730 .
1832 1720 1843 1730 .
1875 1685 1938 1739 εἷς

207 1758 384 1799 πᾶσαν.
411 1790 451 1798 ..
481 1755 643 1814 ψυχήν
673 1754 920 1814 ὁιαγγείληι,
950 1753 1098 1809 δόξαι
1127 1755 1213 1799 καὶ
1243 1754 1453 1807 πίστεις
1482 1754 1698 1813 γίγνονται
1728 1754 1938 1812 βέβαιοι

205 1824 293 1867 καὶ
324 1822 541 1883 ἀληθεῖς
553 1844 570 1864 <<
606 1829 656 1868 37
671 1825 723 1867 Β.
781 1825 983 1869 Videmus
1014 1827 1140 1880 igitur
1170 1827 1399 1868 consentire
1429 1827 1694 1881 interpretem
1725 1841 1818 1868 cum
1838 1825 1936 1868 Pla-

204 1900 300 1937 tone
332 1897 373 1937 in
405 1895 584 1950 apodosi‚
615 1895 831 1937 dissentire
862 1896 904 1936 in
935 1896 1100 1950 protasi.
1160 1895 1213 1937 In
1244 1910 1294 1937 ea
1324 1899 1464 1937 autem
1494 1896 1784 1937 concinnitatis
1813 1909 1939 1938 causa

205 1964 309 2005 dixit
342 1965 606 2006 »immutatus
635 1968 677 2005 et
705 1968 880 2016 rectus«,
915 1965 1077 2006 »animo
1108 1965 1357 2019 mentique«.
1417 1964 1480 2006 Ut
1509 1964 1587 2006 hoc
1615 1965 1716 2017 loco,
1755 1965 1815 2006 ita
1843 1979 1937 2019 pag.

208 2035 360 2077 100831
400 2034 494 2086 §46
525 2033 698 2087 simplex
727 2032 895 2074 verbum
925 2048 963 2087 q.
985 2047 1019 2075 e.
1050 2027 1193 2089 ἄρχειν
1222 2033 1382 2075 duobus
1401 2033 1633 2075 nominibus
1659 2034 1938 2089 circumscrip-

206 2102 259 2142 sit
293 2102 521 2156 »principes
552 2116 594 2143 se
624 2102 828 2156 ducesque
858 2101 1141 2156 praeberent«,
1178 2103 1275 2156 quia
1302 2102 1410 2144 binis
1440 2102 1717 2145 circumdatur
1746 2102 1940 2144 membris

210 2174 280 2212 »ut
309 2171 560 2225 perpolirent
599 2175 641 2212 et
670 2170 952 2212 absolverent«
972 2173 1002 2225 1)
1033 2192 1087 2206 =
1116 2164 1449 2227 α’περγάζεσθαι
1490 2176 1613 2226 atque
1656 2174 1870 2226 »regerent
1897 2175 1940 2213 et

204 2238 505 2293 gubernarent«
538 2260 593 2275 =
624 2239 901 2295 διακυβερνᾶν
929 2241 983 2281 42
995 2240 1050 2281 D.
1109 2240 1178 2282 Ex
1202 2240 1281 2282 hoc
1310 2244 1448 2283 autem
1477 2241 1566 2282 loco
1596 2240 1790 2283 discimus
1821 2240 1938 2284 Cice-

204 2322 345 2350 ronem
377 2307 542 2351 Graeca
570 2308 694 2350 verba
724 2310 950 2363 composita
978 2309 1090 2351 haud
1120 2323 1213 2351 raro
1243 2309 1402 2352 duobus
1440 2309 1648 2352 vocabulis
1677 2308 1840 2351 Latinis
1870 2323 1938 2351 ex-

204 2377 398 2431 posuisse.
455 2377 518 2419 Ut
547 2377 726 2419 afferam
755 2378 959 2432 exempla:
991 2377 1097 2419 Tim.
1127 2393 1219 2433 pag.
1253 2380 1407 2424 100712
1445 2380 1469 2433 ξ
1493 2380 1544 2420 18
1579 2392 1678 2421 »nec
1707 2392 1802 2420 vero
1832 2378 1936 2420 desi-

205 2445 377 2487 derabat
406 2446 613 2500 (mundus)
643 2446 936 2488 detractionem
980 2447 1202 2489 confecti
1241 2451 1288 2489 et
1326 2448 1605 2502 consumpti
1637 2447 1742 2489 cibi«
1775 2467 1830 2482 =
1861 2441 1939 2503 τὴν

206 2511 584 2570 ἑξικμασμένην
625 2511 810 2571 τροφήν<<
859 2516 911 2556 33
925 2513 978 2566 O3
1026 2529 1118 2569 pag.
1153 2516 1306 2560 100912
1350 2517 1374 2569 ἓ
1404 2518 1458 2557 49
1508 2530 1576 2557 »se
1621 2515 1853 2557 confudit
1897 2519 1939 2557 et

207 2583 451 2624 contulit«
498 2603 554 2619 -ε
594 2582 896 2638 ξυμπαγοῦς
941 2581 1186 2638 γιγνομένου
1228 2583 1349 2636 46Β;
1396 2599 1489 2639 pag.
1522 2585 1656 2629 10053
1694 2586 1718 2637 ἓ
1750 2585 1802 2625 32
1853 2585 1937 2626 »sol

207 2651 428 2693 confecit
464 2656 513 2693 et
551 2653 841 2706 peragravit
877 2652 1040 2694 orbem‹
1073 2672 1128 2688 =
1159 2650 1446 2710 περιέλθηι
1479 2652 1598 2704 390;
1647 2667 1739 2707 pag.
1774 2655 1929 2698 100021

209 2722 308 2774 §18
343 2721 432 2773 »qui
465 2721 626 2762 iunxit
654 2725 696 2762 et
724 2721 972 2763 condidit«
1005 2741 1060 2757 z
1091 2716 1109 2763 ἕ
1147 2718 1355 2772 ξυνθείς
1387 2721 1513 2773 33D;
1545 2737 1636 2776 pag.
1671 2723 1800 2766 10057
1839 2724 1936 2776 §33

211 2789 448 2842 »perspici
480 2792 522 2829 ct
552 2789 781 2843 intellegi
811 2793 970 2844 potest«
1000 2811 1043 2824 =
1070 2786 1161 2831 ἔστι
1195 2792 1517 2846 κατανοῆσαι
1557 2786 1753 2840 duratam
1795 2795 1939 2832 contra

207 2853 260 2898 τὰ
292 2853 495 2909 νοούμενα
527 2857 634 2898 301)
671 2879 715 2891 --
751 2858 859 2911 quod
890 2858 1070 2912 intellegi
1104 2862 1240 2912 potest
1271 2861 1400 2903 9981,
1438 2860 1541 2912 5212,
1572 2854 1620 2900 τὸ
1653 2855 1802 2914 νοητόν
1831 2859 1937 2900 39Ε

214 2946 257 2958 --
291 2924 399 2978 quod
439 2925 637 2966 sentimus
683 2927 834 2971 100513
872 2928 895 2979 ξ
927 2928 992 2977 34,
1037 2923 1264 2983 νοήσαντες
1302 2927 1406 2968 42E
1443 2948 1486 2961 =
1521 2941 1612 2968 cum
1652 2929 1939 2981 cognovissent

211 2994 360 3037 10094.
420 2992 658 3045 Sufficiant,
704 3008 809 3048 quae
856 2995 1153 3048 exscripsimus.
1215 2995 1356 3037 Pauca
1399 2999 1561 3037 tantum
1607 3000 1765 3038 restant
1808 3011 1937 3051 caque

329 3146 359 3192 1)
388 3145 663 3192 Naegelsbach:
693 3145 757 3180 lat.
785 3144 952 3181 Stilistik
982 3156 1065 3193 pag.
1091 3145 1169 3182 533.
