2159 3481
924 169 1201 209 —17-

202 295 480 338 conformatus
510 298 573 335 est
600 293 667 335 hic
696 297 807 335 totus
837 292 967 334 locus:
999 307 1050 334 ne
1080 292 1210 346 plura,
1242 290 1393 334 Stoicis
1423 290 1624 333 coloribus
1655 294 1717 332 est
1738 289 1929 332 imbutus.

204 364 330 406 Stoici
370 364 478 404 enini
518 376 639 415 saepe
669 360 938 415 disputabant
973 361 1155 401 omnium
1187 359 1458 400 animantium
1488 359 1764 413 principatum
1793 363 1932 400 tenere

202 432 399 483 homines,
443 432 635 484 quoniam
678 428 832 484 λογικὰ
875 429 986 480 ζιῦια
1017 433 1163 480 0330111,
1207 427 1354 481 quibus
1394 425 1503 468 κατὰ
1533 426 1798 480 τελειοτέραν
1827 442 1932 480 προ-

203 497 383 542 στασίαν
411 500 548 553 (Diog.
582 498 673 541 VII
707 500 775 551 86)
806 499 911 539 ratio
941 497 1040 539 data
1070 501 1187 538 esset.
1248 495 1314 538 Cf.
1345 495 1413 536 De
1443 494 1571 549 Legg.
1602 495 1626 536 I
1658 497 1710 536 2⁵2
1755 495 1934 537 »animal

202 568 279 610 hoc
307 568 532 622 providum,
564 582 702 621 sagax,
733 571 910 618 acutum,
940 566 1108 620 plenum
1127 565 1299 606 rationis
1329 569 1371 605 et
1399 564 1568 615 consilii,
1598 578 1719 618 quem
1741 578 1933 606 vocamus

202 637 420 688 hominem,
459 637 671 690 praeclara
700 635 879 689 quadam
909 634 1146 675 condicione
1176 637 1417 687 generatum
1448 646 1535 674 esse
1568 647 1594 673 a
1623 646 1812 686 supremo
1842 632 1931 674 deo.

204 704 350 747 Solum
389 710 452 746 est
489 706 598 746 enim
637 719 687 746 ex
726 707 789 744 tot
827 703 1099 744 animantium
1129 701 1347 756 generibus
1387 705 1510 755 atque
1540 701 1699 742 naturis
1728 701 1934 755 particeps

202 775 372 815 rationis
403 778 443 815 et
473 773 748 827 cogitationis,
790 785 882 813 011111
923 775 1060 812 cetera
1098 772 1181 812 31111
1221 771 1360 812 01111113
1397 770 1590 824 expertia.
1652 768 1766 824 Quid
1795 773 1934 811 autem

325 875 332 883 .
364 843 524 883 ratione
552 838 758 883 divinius?
791 872 799 880 .
830 872 838 881 .
869 873 877 881 .
910 872 918 880 .
976 839 1089 880 Nam
1120 853 1213 881 cum
1242 838 1293 880 de
1323 842 1473 879 natura
1507 837 1685 879 hominis
1714 838 1934 892 quaeritur,

204 911 403 965 disputari
434 910 538 951 solet
568 941 577 950 .
607 942 615 950 .
647 942 654 950 .
685 910 889 951 exstitisse
919 908 1128 962 quandam
1157 908 1439 949 maturitatem
1477 906 1636 948 serendi
1667 907 1830 960 generis
1859 906 1933 948 hu-

204 981 326 1032 mani,
357 979 465 1033 quod
496 993 681 1033 sparsum
713 979 755 1019 in
783 982 914 1019 terras
945 982 1067 1031 atque
1098 981 1233 1018 satum
1263 976 1401 1018 divino
1423 980 1588 1017 auctum
1619 976 1674 1016 sit
1704 976 1934 1017 animorum

204 1062 382 1100 munere,
423 1061 625 1101 quomque
668 1047 760 1099 alia,
804 1046 951 1100 quibus
996 1045 1262 1087 cohaererent
1301 1045 1488 1086 homines
1519 1058 1541 1086 e
1582 1044 1747 1085 mortali
1786 1057 1934 1097 genere

182 1118 461 1170 ,sumpserint,
497 1130 601 1170 quae
631 1115 798 1169 fragilia
827 1119 964 1157 essent
992 1119 1035 1156 et
1064 1114 1230 1166 caduca,
1261 1114 1443 1155 animum
1473 1127 1561 1154 esse
1593 1114 1878 1166 ingeneratum
1910 1127 1936 1153 a

204 1185 291 1227 deo.
349 1185 416 1226 Ex
455 1199 535 1239 quo
574 1199 667 1226 vere
704 1184 767 1226 vel
808 1185 975 1238 agnatio
1015 1183 1132 1224 nobis
1171 1197 1264 1224 cum
1294 1181 1539 1223 caelestibus
1582 1182 1646 1223 vel
1686 1195 1827 1235 genus,
1870 1181 1934 1222 vel

204 1254 327 1308 stirps
347 1254 545 1309 appellari
566 1258 741 1308 potest«.
802 1252 947 1294 Habes
965 1251 1199 1294 Stoicorum
1219 1251 1459 1293 doctrinam.
1520 1250 1658 1305 Quam
1679 1264 1751 1292 0111·
1771 1248 1934 1291 affero?

203 1322 267 1370 Ut
296 1326 506 1377 appareat,
538 1321 778 1364 Ciceronem
809 1323 849 1362 in
880 1321 1002 1362 huius
1032 1321 1110 1362 loci
1140 1321 1324 1361 versione
1354 1333 1437 1360 non
1457 1323 1544 1360 tam
1565 1319 1699 1373 ipsum
1715 1318 1934 1359 Platonem

204 1391 473 1443 transtulisse,
504 1406 628 1445 quam
648 1390 837 1432 Platonis
860 1389 1046 1432 Stoicum
1076 1389 1255 1443 aliquem
1284 1390 1560 1443 interpretem.
1621 1388 1754 1442 Atqui
1785 1389 1935 1429 scimus

205 1459 472 1501 Posidonium
510 1459 696 1502 Stoicum
741 1459 948 1513 scripsisse
968 1461 974 1465 '
993 1459 1332 1500 commentarium
1373 1457 1426 1498 ad
1471 1456 1660 1498 Platonis
1700 1455 1934 1507 Timaeum3

205 1542 325 1582 quem
364 1528 512 1569 librum
545 1527 733 1570 Ciceroni
772 1542 869 1583 prae
906 1542 1033 1569 manu
1073 1527 1201 1568 fuisse
1232 1527 1425 1580 suspicor.
1486 1524 1582 1580 Qua
1618 1525 1670 1566 de
1710 1539 1753 1566 re
1794 1526 1934 1566 statim

205 1598 324 1652 plura
352 1597 543 1649 dicenda3
575 1602 704 1639 restat
733 1598 853 1649 enim,
883 1601 930 1638 ut
959 1600 1124 1638 notetur
1153 1596 1431 1650 discrepantia
1462 1593 1673 1637 Ciceronis
1704 1608 1730 1635 a
1758 1593 1934 1635 Platone

205 1667 246 1706 in
276 1665 357 1707 his:
401 1665 617 1720 »vobisque
647 1667 733 1707 iure
763 1670 814 1707 et
842 1666 932 1719 lege
962 1665 1144 1706 volentes
1174 1667 1393 1719 pareant«3
1423 1664 1525 1717 legit
1553 1664 1679 1717 igitur
1707 1676 1789 1704 11011
1826 1662 1934 1703 »τῶν

206 1730 273 1776 ἀεὶ
304 1732 421 1792 ὃίκηι
455 1733 542 1775 καὶ
573 1732 673 1788 ὑμῖν
703 1728 942 1776 ἐθελόντων
971 1732 1209 1784 gasawt«,
1252 1733 1324 1774 sed
1373 1734 1480 1773 »τῶν
1518 1725 1589 1773 αἐὶ
1633 1728 1775 1788 δίκηι
1820 1727 1937 1784 ὖμῖν

205 1801 274 1843 ἐθ.
292 1800 389 1844 Em«
441 1802 604 1846 Stoicae
635 1803 845 1845 doctrinae
874 1803 1047 1856 vestigia
1078 1803 1119 1843 in
1140 1801 1350 1844 Ciceronis
1366 1800 1549 1852 Timaeo,
1580 1801 1613 1841 si
1643 1801 1734 1854 quis
1754 1805 1937 1853 quaerat,

207 1872 328 1914 facile
373 1877 570 1926 agnoscat
616 1874 657 1913 in
702 1874 771 1924 eis,
812 1887 917 1926 quae
959 1872 1153 1926 leguntur
1196 1885 1287 1925 pag.
1320 1871 1476 1916 100810
1492 1884 1601 1923 seqq.
1669 1868 1868 1910 Affectus
1912 1883 1937 1909 a

208 1939 358 1982 Stoicis
402 1939 548 1998 πάθη,
595 1956 619 1982 3
651 1940 850 1983 Cicerone
881 1945 923 1982 et
966 1939 1342 1994 »perturbationes«
1382 1942 1424 1980 et
1468 1942 1628 1979 »motus
1672 1938 1822 1978 animi«
1866 1952 1936 1991 ap-

207 2009 414 2062 pellantur
443 2010 511 2063 (cf.
545 2009 664 2051 Tusc.
697 2009 771 2051 III
802 2011 825 2064 ξ
858 2012 894 2061 7,
929 2009 996 2052 IV
1027 2011 1050 2063 ξ
1084 2010 1135 2050 10
1166 2008 1234 2050 De
1265 2008 1356 2049 Fin.
1387 2006 1461 2048 ΙΠ
1493 2008 1516 2060 ξ
1549 2009 1629 2060 35).
1688 2005 1770 2047 His
1799 2010 1937 2047 autem

207 2077 581 2131 perturbationibus
611 2078 713 2120 liber
743 2083 816 2130 est,
846 2079 918 2132 qui
948 2078 1097 2119 rationi
1128 2077 1394 2131 obtemperat.
1454 2076 1603 2130 Itaque
1632 2089 1683 2117 ex
1705 2074 1938 2117 Stoicorum

206 2147 393 2188 doctrina
423 2148 464 2188 in
494 2161 542 2189 eo
572 2148 657 2189 vita
686 2147 809 2189 beata
838 2148 973 2201 posita
1002 2151 1075 2198 est,
1120 2151 1167 2188 ut
1207 2147 1366 2187 ratione
1402 2150 1598 2199 regantur
1635 2145 1760 2185 animi
1791 2148 1938 2184 motus.

206 2215 298 2256 Iam
344 2216 537 2270 inspicias
577 2216 698 2257 velim
741 2215 848 2256 Tim.
880 2229 972 2269 pag.
1006 2216 1179 2267 100812,
1222 2214 1290 2256 ubi
1334 2215 1470 2268 agitur
1510 2213 1560 2255 de
1604 2213 1824 2267 voluptate,
1869 2213 1939 2264 ira,

207 2289 330 2336 metu,
361 2284 411 2326 de
440 2284 607 2338 reliquis
637 2284 815 2326 motibus
847 2285 972 2325 animi
1004 2316 1012 2324 .
1044 2316 1052 2324 .
1082 2316 1090 2325 .
1123 2299 1148 2335 .;
1185 2297 1310 2337 »quos
1340 2284 1410 2337 qui
1440 2283 1635 2324 ratione
1665 2281 1855 2322 rexerit
1890 2301 1934 2314 z

208 2341 265 2393 ὧν
295 2350 333 2395 εἱ
362 2351 440 2406 μὲν
469 2350 733 2410 κρατήσοιεν,
781 2354 885 2394 111310
916 2353 1071 2405 vixerit,
1115 2353 1185 2406 qui
1228 2356 1365 2394 autem
1397 2352 1455 2393 eis
1486 2365 1528 2392 se
1558 2350 1728 2401 dederit,
1763 2370 1807 2384 -—-
1842 2364 1938 2403 κρα-

207 2419 412 2478 τηθέντες
444 2420 491 2463 δέ·
520 2421 638 2474 42Α,
680 2422 868 2464 iniuste«.
930 2419 1071 2475 Quid?
1112 2421 1222 2475 quod
1252 2421 1387 2475 pergit
1416 2421 1635 2474 interpres:
1682 2423 1829 2471 »atque
1860 2417 1940 2469 ille,

207 2490 275 2543 qui
314 2495 447 2532 recte
487 2494 632 2544 atque
672 2490 878 2532 honeste
918 2482 995 2544 (εὖ)
1032 2490 1278 2532 curriculum
1308 2489 1468 2531 vivendi
1509 2503 1535 2530 3
1574 2492 1754 2529 natura
1797 2486 1940 2528 datum

208 2558 430 2600 confecerit
463 2581 506 2593 =
543 2554 565 2601 ὁ
607 2557 684 2613 μὲν
720 2550 777 2601 εὖ
796 2562 824 2609 ¹)
864 2556 1139 2616 προσήκοντα
1175 2553 1323 2612 χρόνον
1350 2551 1476 2610 βιοιῗς
1506 2590 1514 2598 .
1546 2590 1553 2597 .
1585 2589 1594 2597 .
1625 2589 1651 2607 .,
1695 2556 1762 2610 qui
1803 2560 1940 2596 autem

211 2626 530 2669 immoderate
575 2632 622 2670 et
670 2630 1002 2683 intemperate
1046 2628 1192 2669 vixerit
1243 2649 1286 2661 =
1337 2624 1518 2683 σφαλείς
1563 2624 1610 2667 δὲ
1652 2621 1827 2666 τούτων.
1888 2650 1940 2654 -

210 2694 321 2737 Sanc
352 2697 474 2737 vertit
503 2696 664 2739 Tullius
694 2699 921 2739 sententias
951 2696 1151 2748 Platonis,
1189 2696 1260 2738 sed
1292 2696 1383 2737 illas
1414 2700 1625 2749 tamquam
1657 2693 1799 2735 Stoica
1830 2697 1942 2733 veste

211 2764 353 2806 induit.
414 2763 524 2805 Nam
549 2764 676 2808 Stoici
699 2766 1006 2807 arbitrabantur
1039 2766 1244 2806 »omnium
1275 2764 1628 2818 perturbationum
1650 2767 1823 2803 matrem
1854 2776 1942 2803 csse

210 2833 581 2876 immoderatam
625 2835 831 2888 quandam
883 2835 1350 2889 intemperantiam«
1404 2832 1537 2873 Acad.
1579 2835 1681 2886 post.
1721 2834 1841 2883 ἓξὲξ).
1891 2834 1942 2875 cf.

210 2903 331 2944 Tusa.
361 2901 426 2945 IV
459 2903 511 2943 ‘22
560 2904 764 2944 »omnium
805 2903 1157 2957 perturbationum
1190 2902 1347 2943 fontem
1385 2916 1473 2942 0330
1513 2900 1656 2941 dicunt
1697 2900 1740 2940 111
1754 2904 1848 2942 tem
1861 2916 1942 2955 pc-

328 3061 362 3104 1)
390 3060 580 3094 »Profecto
608 3059 701 3093 nihil
730 3062 788 3093 cst
818 3060 918 3094 alind
948 3060 1037 3092 beni¹
1064 3061 1102 3092 ct
1128 3059 1235 3093 heato
1263 3058 1394 3098 vivero,
1422 3057 1493 3090 nisi
1524 3057 1719 3091 honesto
1745 3060 1791 3091 ot
1819 3060 1944 3090 recto

211 3119 347 3153 vivere«
377 3119 508 3153 Parad.
539 3118 554 3152 Ι
581 3119 601 3162 §
629 3118 683 3152 15.

1618 3184 1640 3207 ι)
