2159 3481
933 880 1138 933 Vita.

291 1022 429 1064 Natus
467 1036 558 1063 sum
599 1020 813 1064 Carolus
853 1019 1034 1062 Atzert
1076 1024 1193 1074 patre
1224 1018 1364 1060 Iosefo
1403 1022 1534 1060 matre
1566 1017 1692 1059 Flora
1731 1033 1752 1059 e
1793 1022 1914 1071 gente

178 1091 358 1145 Riittger
397 1105 431 1132 a.
462 1091 500 1133 d.
532 1090 591 1131 X.
622 1090 722 1132 Kal.
755 1089 890 1144 April.
923 1104 957 1130 a.
992 1090 1099 1130 1883
1141 1087 1411 1129 Frankofurti
1451 1102 1486 1128 a.
1517 1086 1577 1128 M.
1636 1086 1780 1128 Fidem
1821 1100 1914 1128 con-

179 1161 304 1202 fiteor
343 1160 600 1202 catholicam.
660 1159 839 1212 Regium
883 1158 1157 1213 Gymnasium
1195 1156 1455 1198 Norohusiae
1494 1156 1763 1210 frequentavi,
1808 1155 1915 1197 unde

179 1244 272 1271 vere
304 1244 339 1270 a.
375 1230 482 1271 1902
514 1243 606 1270 cum
636 1227 875 1283 parentibus
907 1226 1153 1280 Gottingam
1192 1226 1376 1279 migravi,
1415 1229 1461 1267 ut
1500 1228 1631 1266 totum
1672 1238 1737 1265 me
1775 1223 1916 1266 darem

181 1299 411 1340 litterarmn
439 1311 655 1351 rerumque
687 1298 949 1350 antiquarum
980 1296 1137 1338 studiis.
1199 1294 1405 1348 Georgiae
1426 1293 1645 1348 Augustae
1675 1307 1748 1347 per
1776 1292 1916 1335 decem

183 1368 397 1410 semestria
436 1381 500 1408 me
546 1367 675 1408 civem
720 1365 948 1407 docuerunt
991 1378 1084 1406 cum
1127 1364 1197 1405 alii
1241 1364 1314 1404 viri
1357 1363 1466 1405 docti
1510 1367 1597 1404 tum
1637 1361 1833 1416 philologi
1877 1365 1919 1402 et

183 1436 366 1478 historici
397 1435 459 1477 hi:
502 1435 549 1476 F.
581 1434 696 1487 Leo,
739 1434 825 1476 Ed.
857 1433 1129 1485 Schwartz,
1172 1431 1271 1474 Leo
1302 1431 1487 1486 Meyer,
1532 1430 1918 1484 WVackernagel,

185 1505 397 1557 Viertel,
442 1504 637 1556 Busolt,
676 1502 882 1555 Brandi,
927 1501 1192 1543 Lehmann.
1253 1500 1473 1543 Seminarii
1511 1499 1811 1555 philologorum
1847 1513 1919 1554 per

185 1579 381 1629 quattuor
411 1573 624 1615 semestria
654 1572 806 1613 sodalis
836 1571 915 1623 fui,
954 1585 1126 1625 quorum
1166 1584 1238 1624 per
1274 1570 1356 1611 duo
1386 1570 1530 1611 senior.
1592 1567 1699 1610 Cum
1731 1568 1919 1610 omnibus

187 1644 283 1685 viris
327 1642 459 1685 doctis
500 1641 660 1684 debitas
704 1640 835 1682 habeo
880 1641 1053 1694 gratias,
1095 1644 1183 1680 tum
1223 1638 1352 1680 Leoni
1400 1638 1584 1692 inprimis
1623 1642 1665 1679 et
1706 1636 1918 1680 Viertelio.

191 1711 364 1766 Semper
393 1711 502 1753 enim
522 1711 756 1752 meminisse
778 1709 944 1761 iuvabit,
975 1708 1084 1763 quod
1115 1708 1180 1750 hic
1210 1709 1365 1762 primus
1386 1709 1567 1748 animum
1590 1720 1725 1748 meum
1761 1705 1921 1747 induxit

190 1780 244 1823 ad
276 1779 534 1831 Ciceronem,
579 1778 687 1820 unde
726 1778 903 1830 factum,
945 1782 992 1819 ut
1027 1777 1160 1830 magis
1199 1777 1410 1830 magisque
1449 1775 1686 1817 adama-rem
1716 1788 1920 1815 summum

183 1850 465 1891 Romanorum
487 1852 708 1899 oratorem3
741 1847 808 1888 ille
839 1851 976 1888 autem
998 1846 1227 1888 studiorum
1247 1859 1430 1887 meorum
1451 1848 1649 1899 patronus
1679 1858 1751 1898 per
1780 1843 1920 1884 decem

183 1919 412 1970 semestria,
451 1931 583 1971 neque
613 1916 708 1958 huic
738 1916 1074 1958 commentationi
1104 1915 1244 1956 favere
1275 1914 1413 1965 desiit,
1452 1927 1583 1967 neque
1614 1927 1794 1966 unquam
1826 1925 1920 1953 con—

183 1988 333 2029 sulenti
367 1986 501 2028 defuit
530 1986 712 2038 consilio,
743 1999 879 2039 opera,
910 1984 1059 2026 labore.
