2159 3481
941 121 1220 161 -37-

219 245 301 286 alia
330 245 458 296 docet,
500 249 587 286 tum
617 245 719 287 haec
754 260 912 287 »nonne
942 247 1078 287 animo
1109 245 1277 298 sanguis
1315 249 1357 285 et
1395 243 1527 298 pallor
1562 247 1603 284 et
1631 244 1819 296 gemitus,
1865 256 1941 287 ex-

218 315 397 357 tremus
441 314 615 368 denique
661 316 952 370 exspirantis
996 315 1158 358 hiatus
1203 311 1380 354 insidet?
1425 312 1490 355 VI
1522 314 1559 363 2,
1590 314 1654 353 31.
1722 313 1941 364 Agnoscas

217 382 341 435 igitur
370 387 572 424 oratorem
604 382 840 425 Ciceronem
884 384 923 423 in
961 383 1025 424 his
1060 386 1270 424 »vestrone
1300 395 1441 435 pressu
1471 380 1677 434 quondam
1707 379 1941 421 Nemeaeus

216 450 278 491 leo
310 450 503 492 frendens
534 453 716 495 efflavit
752 453 931 505 graviter
971 453 1233 495 extremum
1263 451 1506 494 halitum«.
1567 448 1696 502 Quasi
1726 448 1854 490 oculis
1882 448 1939 488 vi-

215 519 310 560 dere
340 519 458 561 nobis
496 520 682 562 videmur
720 523 762 562 et
802 521 972 571 leonem,
1017 523 1059 561 et
1087 520 1307 561 draconem
1350 519 1596 560 »auriferam
1627 517 1773 558 obtutu
1803 516 1939 557 adser-

214 592 377 629 vantem
416 589 625 630 arborem«
667 593 755 643 (cur
798 589 991 630 »obtutu«
1034 588 1239 630 addiderit
1268 591 1466 641 appareat
1495 601 1544 627 ex
1574 585 1699 626 Festo
1735 599 1827 638 pag.
1860 586 1939 633 67),

212 659 254 696 et
283 655 600 711 Erymanthiam
631 658 862 699 vastificam
892 657 1094 698 beluam«.
1152 656 1354 710 Epitheta
1390 655 1540 697 adiecit
1571 653 1726 705 Cicero,
1769 654 1865 707 quia
1893 658 1940 694 ut

211 724 294 765 dixi
333 727 449 779 quasi
489 727 620 780 pictor
657 730 720 768 est
763 725 898 767 »Nam
928 758 936 766 .
967 758 975 766 .
1007 758 1015 766 .
1046 725 1294 779 permultum
1332 727 1469 765 movet
1503 723 1673 764 illustris
1703 722 1938 776 explanatio

211 806 437 848 rerumque,
476 795 592 848 quasi
631 799 837 848 gerantur,
883 794 957 835 sub
988 794 1227 848 adspectum
1267 806 1398 847 paene
1435 792 1643 843 subiectio,
1688 805 1793 844 quae
1824 794 1865 832 et
1895 791 1937 831 in

210 863 452 916 exponenda
494 877 537 904 re
575 863 796 917 plurimum
841 864 951 904 valet
994 867 1036 904 et
1079 863 1138 904 ad
1180 861 1534 904 illustrandum
1579 860 1644 911 id,
1689 858 1815 913 quod
1857 873 1936 899 ex—

209 932 409 985 ponitur
447 936 494 973 et
532 932 590 974 ad
630 931 1077 986 amplificandum«
1125 931 1176 973 de
1207 935 1307 972 orat.
1337 930 1411 971 ΠΙ
1443 931 1535 971 202.
1594 928 1773 970 Accedit
1812 927 1936 969 aliud.

210 998 350 1054 Quid?
410 1000 492 1042 Tot
520 1001 623 1042 bene
652 1001 766 1042 facta
787 1000 981 1042 Herculis
1011 1001 1110 1042 dum
1139 999 1374 1041 afferuntur
1404 1003 1445 1040 et
1474 997 1769 1048 describuntur,
1800 1010 1936 1037 nonne

207 1070 323 1122 quasi
353 1069 537 1111 laudatio
567 1069 621 1111 fit
648 1070 921 1111 laudatissimi
952 1067 1056 1111 viri‘?
1114 1068 1265 1110 Nonne
1296 1069 1382 1122 ipse
1415 1067 1559 1110 Cicero
1579 1065 1804 1107 Herculem
1833 1065 1937 1106 facit

206 1138 505 1180 exclamantem
539 1153 638 1180 »nec
657 1140 873 1193 quisquam
903 1153 924 1180 e
954 1139 1104 1180 nostris
1125 1137 1258 1192 spolia
1287 1138 1395 1191 cepit
1424 1134 1658 1177 laudibus
1670 1132 1721 1174 «22
1782 1132 1936 1187 Qualia

206 1210 343 1248 autem
381 1207 496 1249 facta
534 1207 689 1249 habent
727 1207 975 1250 uberrimam
1013 1208 1174 1261 copiam
1215 1207 1267 1248 ad
1311 1202 1596 1247 laudandum?
1660 1202 1936 1246 »Gratissima

204 1276 293 1318 laus
323 1290 463 1318 eorum
500 1277 704 1319 factorum
742 1277 927 1329 habetur,
968 1291 1073 1331 quae
1112 1280 1303 1330 suscepta
1341 1275 1531 1317 videntur
1571 1288 1597 1314 a
1632 1273 1728 1314 viris
1757 1271 1933 1313 fortibus

204 1346 291 1386 sine
337 1346 611 1388 emolumento
656 1360 705 1388 ac
744 1347 945 1400 praemio,
988 1359 1112 1400 quae
1159 1358 1273 1386 vero
1318 1344 1469 1385 etiam
1518 1357 1624 1384 cum
1664 1341 1835 1382 labore
1884 1345 1934 1382 et

202 1415 423 1468 periculo
453 1416 687 1469 ipsorum,
718 1415 841 1456 haec
869 1414 1054 1456 habent
1081 1413 1381 1455 uberrimam
1412 1412 1600 1466 copiam
1632 1411 1694 1452 ad
1723 1409 1931 1451 laudan-

201 1482 328 1535 dum,
370 1483 479 1537 quod
510 1488 551 1525 et
590 1483 669 1525 dici
700 1484 957 1525 ornatissime
987 1487 1160 1538 possunt
1194 1486 1236 1523 et
1265 1481 1397 1524 audiri
1428 1480 1635 1522 facillime.
1693 1479 1767 1520 Ea
1805 1480 1932 1520 enim

201 1552 411 1606 denique
450 1554 607 1594 virtus
646 1566 752 1594 esse
791 1553 986 1594 videtur
1025 1552 1337 1607 praestantis
1376 1551 1486 1602 viri,
1527 1563 1654 1604 quae
1693 1552 1768 1590 est
1796 1548 1930 1589 fruc-

201 1623 348 1662 tuosa
377 1622 512 1674 aliis,
543 1623 640 1677 ipsi
672 1626 832 1663 autem
862 1621 1113 1663 laboriosa
1145 1625 1231 1662 aut
1261 1619 1576 1675 periculosa«
1610 1618 1661 1660 de
1691 1631 1747 1659 or.
1767 1617 1816 1658 ΙΙ
1837 1619 1931 1658 346.

201 1691 310 1733 Tota
339 1693 464 1746 igitur
492 1693 667 1733 materia
705 1705 754 1733 ea
790 1691 881 1743 fuit,
926 1692 968 1732 in
1007 1705 1090 1745 qua
1125 1691 1287 1732 laxaret
1325 1693 1462 1731 orator
1491 1688 1631 1730 frenos
1661 1688 1931 1742 eloquentiae,

200 1762 242 1802 in
271 1776 354 1815 qua
384 1775 457 1803 suo
487 1765 671 1803 uteretur
700 1761 903 1815 penicillo,
934 1761 1018 1802 suis
1047 1759 1191 1811 verbis,
1222 1773 1295 1801 suo
1326 1759 1501 1812 ingenio.

313 1841 395 1883 His
424 1842 595 1896 singulis
624 1841 745 1883 rebus
775 1842 1048 1895 pertractatis,
1088 1844 1229 1892 restat,
1271 1844 1318 1881 ut
1357 1839 1408 1881 de
1439 1843 1526 1880 toto
1556 1839 1644 1880 loco
1675 1838 1829 1891 aliquid
1859 1837 1930 1879 ad-

199 1911 305 1953 dam.
379 1909 525 1965 Neque
567 1911 675 1952 enim
720 1911 830 1952 solus
873 1908 1018 1952 Cicero
1062 1910 1247 1950 imitatus
1292 1912 1365 1960 est,
1409 1907 1481 1949 sed
1527 1906 1700 1950 Ovidius
1748 1907 1844 1947 item
1889 1910 1930 1947 et

200 1978 431 2033 Seneca(?).
490 1979 664 2021 Publica
693 1979 775 2020 fuit
791 1979 994 2031 materies,
1023 1993 1128 2032 quae
1157 1982 1296 2019 tamen
1327 1977 1475 2031 privati
1507 1976 1606 2017 iuris
1636 1976 1750 2016 facta
1780 1979 1853 2026 est,
1883 1979 1930 2016 ut

198 2048 250 2090 ab
281 2047 431 2091 Ovidio
470 2049 529 2090 ita
567 2063 593 2090 a
624 2047 834 2091 Cicerone.
894 2047 962 2088 Ex
1001 2048 1071 2089 illo
1110 2061 1238 2089 unum
1278 2046 1378 2087 mihi
1417 2046 1541 2087 liceat
1569 2044 1751 2099 proferre
1781 2044 1928 2096 locum,

197 2132 247 2159 ex
276 2131 356 2171 quo
387 2121 596 2172 appareat,
627 2132 732 2172 quae
761 2118 866 2159 ratio
897 2116 1125 2158 intercedat
1154 2117 1260 2157 inter
1290 2119 1455 2170 poetam
1474 2115 1677 2168 tragicum
1707 2110 1749 2154 et
1778 2113 1928 2166 elegia-

197 2201 300 2228 cum.
358 2186 488 2241 Apud
519 2186 766 2241 Sophoclem
796 2202 830 2228 V.
863 2187 970 2228 1102
1002 2186 1175 2240 legimus
1215 2180 1387 2234 κούδεὶς
1427 2178 1607 2239 τροπαῗ
1653 2180 1803 2238 ἔστησε
1842 2184 1928 2223 τῶν

196 2253 309 2309 ἐμῶν
350 2255 491 2311 χερῶν.
564 2256 789 2298 Herculem
833 2255 884 2297 de
926 2270 968 2296 se
1013 2256 1100 2309 ipso
1142 2255 1205 2295 his
1249 2254 1382 2295 verbis
1428 2254 1672 2307 gloriantem
1715 2256 1927 2306 tamquam

196 2325 398 2367 mendacii
428 2326 614 2379 coarguit
643 2339 744 2366 uxor
774 2326 928 2366 amenti
958 2338 1080 2366 caeca
1108 2323 1246 2365 furore
1277 2322 1387 2378 apud
1419 2321 1614 2365 Ovidium

503 2405 583 2449 »Se
613 2420 773 2461 quoque
802 2405 984 2461 nympha
1012 2406 1095 2447 tuis
1125 2405 1284 2447 ornavit
1316 2403 1508 2445 Iardanis
1538 2402 1673 2454 armis,

498 2475 563 2517 Et
592 2475 713 2518 tulit
742 2489 763 2517 e
795 2479 941 2530 capto
972 2478 1089 2516 nota
1119 2478 1326 2528 tropaea
1355 2473 1498 2514 viro«.

1446 2541 1564 2594 (Her.
1596 2540 1669 2582 IX
1704 2541 1810 2592 104.)

196 2624 246 2665 In
279 2624 356 2666 hac
385 2629 523 2667 autem
553 2640 596 2668 re
627 2627 874 2681 turpissima,
916 2626 1021 2667 vinci
1061 2624 1215 2667 scilicet
1252 2625 1383 2665 virum
1424 2638 1450 2664 a
1492 2623 1658 2672 femina,
1703 2625 1825 2675 poeta
1857 2620 1923 2661 ille

196 2694 451 2747 potissimum
489 2699 682 2737 versatur.
743 2694 948 2750 Omphale
979 2720 1033 2724 —
1064 2695 1122 2736 sic
1159 2693 1262 2735 facit
1299 2693 1543 2734 Deianiram
1583 2690 1838 2742 scribentem,
1872 2715 1922 2720 —

198 2761 402 2816 Omphale
430 2766 472 2804 te
500 2764 598 2805 vicit

502 2843 548 2884 »I
578 2859 698 2897 nunc,
728 2845 825 2887 tolle
855 2846 1013 2886 animos
1042 2849 1084 2886 et
1113 2845 1238 2885 fortia
1267 2847 1386 2898 gesta
1415 2855 1590 2893 recense,

499 2912 605 2955 Cum
635 2918 681 2955 tu
712 2927 794 2955 non
824 2927 944 2965 esseS‚
976 2915 1061 2955 iure
1091 2914 1151 2955 vir
1182 2913 1253 2954 illa
1281 2913 1400 2954 fuit«.

202 2991 325 3036 Vides
354 3006 434 3046 quo
465 2992 580 3034 furor
609 2994 739 3046 egerit
768 2997 986 3034 amantem.

314 3072 371 3115 Ut
411 3073 463 3115 ad
497 3072 736 3117 Ciceronem
776 3078 966 3127 revertar,
1008 3075 1227 3131 profitetur
1266 3079 1403 3117 orator
1452 3073 1589 3116 »Non
1637 3071 1918 3115 mehercule
