2159 3481
974 175 1226 215 -4-

232 297 312 354 τῆς
341 293 533 347 νυκτός<ε.
592 297 711 339 Idem
740 298 860 340 docet
890 299 1121 351 scholiasta,
1163 300 1232 353 qui
1263 300 1436 342 adnotat
1464 315 1557 355 pag.
1588 303 1720 349 40010
1758 300 1857 344 »ἐπὶ
1890 305 1965 360 τῆς

232 362 413 421 ἐσχάτης
442 362 633 415 νυκτόςμ
694 365 840 408 Habes
871 367 923 419 id,
962 367 1071 421 quod
1101 369 1223 409 vertit
1254 367 1398 411 Cicero
1429 384 1464 410 v.
1495 371 1548 411 82
1585 369 1808 413 »Extrema
1837 386 1963 427 prope

231 440 389 476 noctes.
448 433 572 487 Legit
602 435 726 487 igitur
758 434 903 477 Cicero
945 435 1158 477 doctorum
1189 438 1365 478 virorum
1404 439 1685 480 enarrationes
1715 440 1756 480 in
1787 440 1961 482 scholiis.

232 502 417 557 Quorum
440 502 676 544 adiumento
708 504 844 557 quoad
875 519 972 546 usus
1004 505 1057 545 sit
1087 505 1418 548 adulescentulus
1449 532 1501 536 -—
1534 512 1630 549 sunt
1651 509 1759 549 enim
1780 510 1962 550 carmina

230 572 301 613 illa
330 571 493 612 Aratea
522 585 718 613 conversa
758 587 784 613 a
815 571 1013 615 Cicerone
1060 573 1305 616 »admodum
1345 575 1677 618 adulescentulo«
1722 575 1822 619 Nat.
1852 577 1960 619 deor.

228 640 276 680 II
310 642 389 681 104
422 666 475 669 —
506 640 726 682 luculentis
756 641 855 682 mihi
886 642 1010 684 liceat
1039 642 1211 696 probare
1242 645 1498 686 testimoniis.

342 708 496 763 Incipit
536 708 697 751 Aratus
746 706 818 752 »ἐκ
862 707 974 760 Διός
1018 704 1336 766 οἷρχώμεσθα<<,
1387 709 1544 769 ἐπειδή
1590 739 1643 743 -—
1689 715 1747 755 sic
1789 712 1962 756 adnotat

228 778 450 819 scholiasta
480 804 533 807 —
564 776 635 819 καὶ
667 778 755 820 τῶν
785 781 979 821 Momm*
989 796 1010 820 ν
1040 776 1272 838 ἀρχηγέτης
1301 776 1432 832 αὐτός
1460 781 1588 824 ἐστιν.
1646 782 1794 837 Itaque
1816 781 1960 825 Cicero

234 848 299 888 »A
331 847 429 888 love
459 846 713 889 Musarum
743 849 1005 902 primordia«.

342 914 497 957 Stellas
516 916 624 957 fixas
655 917 758 957 alias
786 917 883 958 alibi
907 919 1153 959 constitutas
1184 920 1224 959 in
1246 919 1360 961 caelo
1381 920 1487 961 volvi
1508 925 1631 974 poeta
1651 922 1819 975 exponit
1848 936 1882 962 v.
1906 922 1959 962 20

225 1000 315 1026 cum
348 985 431 1026 alia
449 985 589 1027 dicens
618 990 705 1027 tum
738 985 840 1027 haec
875 982 1085 1041 »edomuit
1115 985 1353 1029 Ξ’λκοντακ<.
1416 988 1561 1031 Cicero
1580 990 1681 1043 legit
1707 989 1959 1043 adscriptum

228 1051 330 1095 »σὺν
359 1056 435 1094 τιῦι
467 1049 649 1108 οὖρανιῦι
679 1052 909 1109 φέροντακ<
961 1056 1090 1107 34043
1132 1057 1254 1097 vertit
1295 1058 1403 1098 enim
1449 1072 1564 1099 »cum
1595 1059 1787 1112 caeloque
1819 1058 1957 1099 simul-

224 1122 438 1163 feruntur«
474 1122 614 1176 Frgm.
646 1122 719 1163 HI
749 1122 901 1166 Baehr.

339 1190 391 1233 V.
425 1192 479 1232 24
516 1192 652 1245 agitur
689 1191 740 1233 de
778 1192 883 1246 polis
930 1191 1025 1234 »καὶ
1063 1209 1137 1246 μιν
1168 1192 1439 1249 πειραίνουσι
1482 1193 1568 1237 δύω
1609 1192 1740 1237 πόλοι
1770 1190 1958 1252 ἀμφοτέ-

225 1263 415 1315 ρωθεν<<ς
445 1259 667 1301 scholiasta
696 1261 875 1315 explicat
904 1276 996 1315 pag.
1027 1264 1108 1304 342
1121 1285 1158 1309 22
1198 1264 1298 1305 »τοῦ
1327 1257 1477 1316 ἄξονος
1505 1259 1559 1305 τά
1593 1261 1764 1319 πέρατα
1795 1260 1955 1305 πόλοι

223 1325 359 1371 εἰσιν
397 1325 701 1383 simmam«.
761 1329 864 1371 Tale
894 1331 993 1384 quid
1022 1331 1169 1385 legisse
1210 1332 1371 1374 videtur
1410 1334 1626 1388 interpres:
1672 1337 1956 1386 extremusque

251 1430 287 1438 ..
319 1402 457 1439 vertex
488 1398 679 1439 dicitur
708 1413 815 1440 esse
845 1399 1027 1453 polus«.
1088 1400 1155 1442 De
1186 1402 1336 1455 trigoni
1367 1402 1484 1456 signo
1514 1402 1688 1456 legimus
1717 1401 1828 1456 apud
1846 1401 1956 1442 Ara-

219 1472 307 1507 tum
339 1468 419 1507 235
433 1481 490 1520 sq.
522 1464 751 1509 Δελτωτόν
783 1467 1036 1524 πλευρῆισιν
1066 1465 1380 1527 ἱσαιομένηισιν
1409 1468 1550 1521 ἐοικός
1579 1463 1857 1526 ἄμφοτέρῃσ’,
1886 1463 1952 1527 ἡδ’

220 1527 309 1576 oiim
344 1532 469 1592 τόση,·
501 1535 646 1578 Cicero
677 1551 769 1578 cum
801 1538 923 1578 vertit
952 1553 985 1578 v.
1017 1540 1042 1579 8
1080 1537 1167 1580 »At
1196 1553 1279 1580 non
1309 1541 1432 1581 tertia
1461 1554 1556 1594 pars
1586 1539 1726 1581 lateris
1757 1564 1810 1568 -
1840 1553 1955 1580 nam-

218 1618 295 1657 que
327 1608 390 1646 est
420 1606 580 1645 minor
610 1605 742 1645 illis«
789 1605 840 1647 ob
871 1606 1010 1647 oculos
1040 1606 1186 1648 habuit
1215 1608 1338 1650 schol.
1370 1623 1461 1662 pag.
1494 1610 1622 1654 38021
1678 1606 1778 1664 »τὴν
1806 1605 1853 1649 δὲ
1882 1602 1954 1649 κά-

219 1676 361 1714 τωθεν
398 1669 707 1715 ἱποτείνουσαν
736 1674 1056 1730 βραχυτέραν
1085 1673 1328 1718 ἔκει’νων<<.

331 1757 364 1782 v.
397 1744 420 1780 Γ)
466 1742 690 1783 »Deltoton
721 1743 854 1785 dicere
887 1742 1002 1796 Grai.
1042 1746 1193 1786 simili
1223 1747 1342 1800 quia
1371 1746 1532 1788 forma
1562 1747 1737 1788 littera
1766 1745 1948 1787 claret«

217 1825 371 1852 merum
405 1811 604 1853 scholium
635 1813 757 1852 vertit
792 1813 906 1853 »τῶι
941 1811 1033 1868 γὰρ
1066 1816 1108 1855 Δ
1139 1811 1409 1867 στοιχείωι
1440 1811 1723 1857 εἴκαστακ.

330 1880 469 1921 Persei
507 1880 669 1932 dextra,
713 1885 758 1922 ut
802 1881 901 1923 dicit
931 1881 1091 1924 Aratus
1122 1899 1156 1923 v.
1188 1885 1314 1930 25119
1366 1882 1443 1926 ἐπὶ
1483 1881 1662 1938 κλισμόν
1700 1880 1948 1925 τετάνυσται

219 1946 460 2002 Πενθεριόι·
490 1946 673 2003 δίφροιο.
736 1949 972 1993 Scholiasta
1003 1952 1221 2006 adscripsit
1250 1968 1342 2007 pag.
1374 1956 1456 1995 5384
1468 1975 1506 2001 20
1547 1948 1571 2011 ἡ
1603 1954 1679 1995 τοῦ
1713 1949 1953 2005 Περσέως

216 2016 333 2068 (δεξιὰ
379 2015 513 2072 πρὸς
553 2017 644 2075 τὴν
684 2018 773 2075 τῆς
805 2018 1175 2071 Κασσιεπείας
1214 2020 1481 2078 καθέδραν
1523 2019 1760 2073 ἐκτέταται,
1807 2019 1952 2062 Cicero

217 2102 248 2126 v.
280 2088 331 2126 223
373 2080 449 2128 ‘ad
493 2087 639 2128 sedes
686 2085 1002 2143 Cassiepiae‘.
1062 2090 1182 2132 Idem
1214 2091 1388 2133 Perseus
1429 2087 1544 2144 ἴχνια
1583 2086 1761 2148 μηκύνει
1791 2105 1952 2132 κεκονι-

214 2153 338 2206 μένος
377 2151 420 2195 ἐν
463 2154 535 2196 Διὶ
581 2153 716 2209 πατρί
756 2158 886 2208 253«3
934 2157 1078 2199 Cicero
1120 2159 1224 2200 idem
1267 2160 1520 2214 adscriptum
1564 2160 1681 2214 legit,
1726 2159 1835 2213 quod
1878 2171 1951 2199 nos

216 2238 307 2277 pag.
340 2226 491 2274 38:519,
537 2225 694 2266 scilicet
738 2223 784 2267 τὸ
817 2222 860 2267 ἐν
890 2224 987 2267 Διί·
1021 2225 1069 2268 ἐν
1108 2229 1201 2269 τιῗι
1244 2224 1471 2283 οιῖρανῶι
1506 2251 1549 2263 z
1590 2228 1748 2271 »Pedes
1779 2261 1787 2269 .
1819 2260 1827 2268 .
1859 2258 1867 2267 .
1900 2227 1949 2267 in

215 2292 403 2333 caelum
437 2325 444 2333 .
477 2325 484 2332 .
518 2325 524 2332 .
557 2298 709 2347 portat<
754 2296 824 2344 ‘263
873 2295 995 2349 plane
1034 2297 1216 2338 eiusdem
1256 2299 1417 2351 generis
1447 2303 1511 2340 est
1541 2298 1664 2339 Arati
1697 2310 1836 2339 versus
1867 2297 1948 2337 275

218 2380 270 2394 =
303 2359 388 2401 Cic.
420 2376 454 2401 v.
486 2363 550 2401 47.

329 2428 459 2470 Poeta
490 2429 556 2471 ubi
589 2432 756 2484 exponit
786 2433 1069 2486 navigantium
1099 2435 1297 2488 pericula,
1339 2437 1522 2489 queritur
1551 2436 1660 2490 quod
1703 2429 1784 2492 ἤδη
1816 2425 1949 2475 πάντ’

214 2494 409 2539 ἐνιαυτόν
442 2492 532 2540 ’ὑπὸ
563 2496 771 2555 στείρηισι
806 2498 1010 2543 θάλασσα
1043 2501 1258 2558 πορφύρει
1292 2508 1343 2557 (v,
1366 2506 1477 2558 295).
1539 2504 1657 2559 Quae
1687 2503 1811 2545 verba
1839 2502 1947 2558 apud

215 2567 477 2620 interpretem
520 2569 577 2609 sic
623 2584 664 2609 sc
708 2569 860 2611 habent
902 2575 951 2623 (v.
984 2573 1062 2624 ⁴39).
1127 2571 1236 2615 »Sed
1281 2578 1418 2616 tamen
1465 2574 1587 2615 anui
1631 2574 1711 2614 iam
1753 2572 1949 2613 labuntur

213 2640 432 2689 temporo
464 2641 608 2678 totos.
669 2637 793 2679 Patet
813 2653 1035 2681 consensus
1066 2656 1157 2682 cum
1179 2642 1401 2683 scholiasta
1430 2657 1523 2696 pag.
1546 2644 1675 2688 398„
1711 2638 1761 2683 ἐν
1791 2637 1948 2682 παντί

213 2705 395 2758 καιρῶι
427 2706 516 2745 τοῦ
546 2704 790 2747 ἐνιαυτοῦ
821 2740 828 2747 .
862 2740 869 2747 .
902 2741 909 2748 .
971 2708 1126 2751 Statim
1155 2715 1249 2763 post
1278 2715 1419 2752 monet
1448 2711 1607 2752 Aratus
1638 2725 1688 2752 ne
1719 2711 1849 2753 altum
1878 2725 1946 2766 pe-

213 2778 348 2814 tamus
394 2772 526 2825 Τόξον
569 2770 631 2816 ὅτ’
681 2771 825 2830 ἠέλιος
865 2773 985 2833 καιήι
1030 2777 1101 2819 καὶ
1147 2774 1307 2834 ῥύτορα
1351 2777 1507 2831 Τόξου·
1567 2779 1701 2821 Immo
1744 2776 1948 2835 ἑσπέριος

213 2838 438 2896 κατάγοιο,
471 2842 715 2894 πεποιθώς
745 2838 889 2886 οὐκέτι
921 2844 1040 2888 νυκτί
1080 2848 1173 2889 302.
1233 2848 1315 2889 His
1346 2849 1527 2890 versibus
1557 2849 1806 2903 respondent
1835 2849 1945 2903 apud

213 2909 452 2951 Ciceronem
488 2927 562 2952 vss.
596 2915 646 2953 72
660 2928 718 2967 sq.
786 2914 952 2968 >Atque
982 2917 1105 2957 etiam
1139 2931 1314 2971 supero
1355 2919 1447 2959 navi
1489 2918 1762 2973 pelagjoque
1801 2922 1944 2959 vacato

212 2977 385 3019 Mense
419 2980 721 3034 Sagittipotens
754 2981 859 3023 Solis
898 2998 988 3025 cum
1022 2986 1197 3027 sustinet
1227 2985 1363 3027 orbem
1397 2986 1521 3028 Nam
1563 2989 1655 3028 iam
1696 2991 1783 3028 tum
1824 2986 1944 3027 nimis

210 3047 357 3097 exiguo
400 3048 465 3089 lux
498 3053 679 3103 tompore
712 3056 874 3104 praesto
905 3056 1006 3092 est«.
1067 3052 1212 3095 Cicero
1243 3068 1322 3095 non
1356 3056 1477 3096 vortit
1506 3055 1686 3097 Aratum
1717 3054 1788 3096 sed
1820 3055 1941 3096 Arati

213 3115 484 3169 interpretem.
546 3118 617 3159 Sic
647 3120 754 3159 enim
801 3119 884 3160 illo:
930 3118 1037 3176 φησί
1083 3120 1184 3171 τοὺς
1228 3121 1442 3173 πλέοντας
1486 3116 1711 3180 ἡσυχάζειν
1759 3121 1831 3164 καὶ.
1875 3120 1939 3176 ,ui
