2159 3481
940 134 1220 177 ..29-

218 261 378 299 retenta
411 262 545 299 metu«
581 257 718 311 (Ovid.
751 259 834 301 her.
869 260 942 301 XI
972 259 1054 312 82).
1115 260 1302 302 Pertinet
1331 261 1456 315 igitur
1490 261 1568 304 hoc
1597 263 1859 317 participium
1891 265 1944 306 ad

218 326 510 368 haesitantiam
542 327 720 381 linguae,
765 343 845 381 qua
878 330 964 370 vice
995 329 1183 383 fungitur
1212 330 1322 384 apud
1354 330 1584 372 Homerum
1627 326 1798 375 »livam«.
1859 332 1943 375 Ob-

218 399 458 437 mutuerunt
498 400 635 437 autem
679 396 844 449 Achivi,
888 397 997 439 unde
1035 402 1120 439 tam
1162 398 1341 439 subitum
1384 403 1638 452 portentum;
1688 404 1782 454 apte
1819 401 1945 455 igitur

217 463 334 505 addit
368 464 682 518 »obstipuistis«.
741 465 834 506 Iam
865 470 1106 520 repetuntur
1136 466 1188 507 ab
1220 466 1406 508 Homero
1446 481 1584 509 versus
1615 468 1697 510 313
1729 472 1770 510 et
1795 470 1890 522 317,
1920 485 1944 511 a

218 531 418 574 Cicerone
462 547 544 574 non
585 534 695 575 item.
772 535 1025 578 »Eandem«
1071 535 1180 576 enim
1230 548 1352 578 »rem
1398 548 1489 579 non
1532 537 1738 581 dicemus
1783 539 1944 582 eodem

216 601 401 653 mod01),
430 615 527 643 nam
557 602 600 642 id
630 601 796 655 quidem
826 602 1054 644 obtundere
1085 603 1314 644 auditorem
1347 608 1420 655 est,
1450 618 1532 645 non
1562 619 1646 646 rem
1679 606 1858 659 expolire
1889 633 1944 637 ——

215 670 296 713 Sed
329 672 633 714 commutate«
668 670 735 723 (ad
766 670 921 715 Heren.
943 670 1011 713 IV
1041 670 1121 724 54).
1181 671 1375 725 Denique
1406 673 1448 712 in
1479 674 1738 726 peroratione
1769 676 1847 716 τῶι
1881 676 1943 718 δε-

215 732 350 779 κάτωι
382 736 428 780 δὲ
459 735 593 780 πόλιν
622 734 856 793 αἱρήσομεν
884 734 1159 793 εὐρυάγυιαν<<
1200 744 1410 794 tamquam
1443 741 1496 782 ad
1527 742 1685 784 animos
1714 743 1945 787 incitandos

215 806 538 861 amplificatione
568 807 698 848 utitur
725 808 926 862 interpres
967 807 1114 862 »Quae
1144 808 1318 850 decumo
1349 809 1471 850 cadet
1500 814 1541 851 et
1571 825 1704 864 poena
1733 813 1945 855 satiabit

216 874 441 917 Achivos«.
502 875 554 916 Id
585 875 711 929 igitur
740 880 909 930 spectat,
951 881 997 918 ut
1027 877 1284 920 auditoribus
1323 882 1420 920 ante
1451 878 1590 921 oculos
1619 885 1758 933 ponat,
1803 882 1944 935 quales

215 957 265 984 ex
294 948 356 985 tot
383 944 591 997 tantisque
622 944 832 987 laboribus
861 944 1020 987 fructus
1049 947 1281 1000 percepturi
1312 947 1405 988 sint.
1464 946 1612 1001 Neque
1643 949 1752 990 enim
1788 950 1943 992 »solum

215 1011 321 1053 effici
350 1026 482 1066 posse,
525 1027 632 1066 quae
663 1013 886 1055 suademus
923 1014 1000 1055 erit
1029 1015 1360 1068 persuadendum
1393 1016 1449 1069 (in
1479 1017 1808 1070 perorationibus
1838 1019 1943 1060 scili-

214 1082 304 1133 cet),
334 1080 406 1122 sed
437 1081 665 1123 curandum
696 1082 833 1133 etiam,
864 1086 909 1124 ut
939 1082 1011 1124 illa
1044 1116 1051 1124 .
1082 1116 1090 1124 .
1122 1116 1130 1124 .
1160 1084 1342 1125 iucunda
1372 1084 1601 1126 videantur.
1661 1086 1733 1127 Ad
1764 1101 1943 1129 commo-

213 1148 366 1191 vendos
395 1153 532 1190 autem
566 1150 724 1192 animos
754 1151 932 1192 maxime
962 1150 1178 1205 proficient
1217 1152 1417 1194 eiusmodi
1454 1153 1696 1206 sententiae,
1734 1169 1841 1208 quae
1871 1160 1944 1198 aut

213 1217 266 1258 ad
288 1217 513 1272 explendas
543 1219 791 1273 cupiditates
824 1224 897 1261 aut
926 1220 979 1261 ad
1009 1220 1147 1262 odium
1181 1220 1467 1262 satiandum
1500 1225 1573 1263 aut
1602 1222 1655 1263 ad
1686 1222 1944 1266 ulciscendas

212 1286 382 1328 iniurias
411 1287 698 1340 pertinebunt«
736 1287 820 1331 Cic.
852 1293 951 1330 orat.
983 1293 1086 1343 part.
1123 1291 1146 1343 ξ
1177 1289 1301 1343 95sq.

325 1355 394 1397 De
426 1355 624 1398 Cicerone
655 1357 878 1411 interprete
909 1357 1084 1399 Homeri
1116 1357 1220 1399 haec
1249 1358 1466 1410 hactenus3
1498 1373 1604 1413 quae
1635 1360 1743 1401 enim
1774 1365 1943 1414 restant,

214 1437 264 1464 ea
295 1423 375 1465 alio
405 1423 445 1466 h.
469 1438 503 1466 o.
534 1424 625 1467 loco
655 1439 680 1466 a
710 1425 829 1467 nobis
858 1427 1130 1480 proferentur.
1190 1426 1458 1469 Ostendimus
1489 1427 1733 1470 Ciceronem
1764 1429 1826 1471 his
1856 1445 1942 1472 ver·

214 1492 326 1534 sibus
362 1493 616 1536 transtulisse
653 1493 898 1547 Homerum,
941 1498 988 1536 ut
1029 1495 1149 1536 decet
1186 1500 1403 1538 oratorem.
1465 1495 1618 1539 Orator
1661 1502 1799 1539 autem
1845 1499 1944 1540 artis

213 1561 440 1603 rhetoricae
469 1561 630 1616 legibus
661 1567 833 1605 tenetur.
897 1563 1012 1618 Quas
1041 1564 1165 1618 leges,
1209 1565 1345 1618 quoad
1385 1565 1466 1607 huc
1496 1566 1761 1619 pertinerent,
1803 1581 1853 1609 ex
1883 1568 1943 1608 in-

213 1630 315 1672 tima
343 1630 471 1685 ipsius
503 1630 714 1674 Ciceronis
744 1632 962 1686 disciplina
993 1647 1066 1675 nos
1097 1632 1321 1675 attulimus.
1382 1633 1467 1676 Sed
1500 1633 1646 1677 Cicero
1678 1650 1807 1689 usque
1839 1635 1943 1678 adeo

214 1703 351 1740 orator
380 1703 453 1752 est,
497 1705 543 1741 ut
580 1701 718 1754 vigeat
754 1701 797 1742 in
837 1715 885 1742 eo
916 1702 1106 1756 vivatque
1143 1706 1230 1744 tota
1270 1703 1449 1744 oratoria
1480 1703 1698 1758 disciplina
1729 1708 1942 1759 tamquam

213 1768 375 1810 animus
404 1768 447 1809 in
477 1782 656 1823 corpore.
715 1770 834 1812 Artis
862 1770 990 1824 igitur
1017 1771 1058 1811 in
1098 1771 1177 1813 hac
1207 1772 1392 1813 versione
1432 1772 1549 1825 siqua
1586 1773 1758 1827 vestigia
1788 1773 1943 1815 detexi-

213 1850 314 1890 mus,
344 1851 393 1878 ea
422 1837 605 1891 profecta
636 1852 724 1880 esse
754 1839 991 1893 putabimus
1022 1854 1072 1881 ex
1101 1841 1268 1894 ingenio
1298 1841 1471 1895 perfecti
1492 1842 1672 1883 oratoris.
1734 1841 1941 1896 Quoniam

213 1910 350 1947 autem
383 1906 560 1959 arbores,
602 1912 649 1949 ut
678 1908 805 1960 aiunt,
849 1909 910 1950 sui
941 1909 1137 1963 cuiusque
1168 1910 1323 1964 ingenii
1361 1924 1485 1964 poma
1514 1911 1666 1963 ferunt,
1709 1924 1791 1952 non
1821 1912 1942 1953 mira-

214 1989 315 2027 mur,
358 1976 469 2029 quod
509 1976 626 2018 nobis
666 1976 781 2018 licuit
820 1991 870 2018 ex
901 1977 1067 2020 Graeca
1107 1979 1244 2033 stirpe,
1285 1993 1410 2032 quam
1448 1980 1659 2021 transtulit
1699 1979 1860 2022 Tullius
1899 1981 1941 2021 in

161 2036 164 2039 ’
212 2043 351 2085 hortos
373 2044 668 2098 Romanorum,
698 2060 837 2098 novos,
867 2050 913 2088 ut
942 2047 1001 2088 ita
1031 2047 1166 2088 dicam
1188 2047 1309 2089 fiores
1339 2047 1570 2102 decerpere.
1632 2048 1698 2089 Ex
1717 2048 1780 2090 his
1802 2053 1940 2091 autem

212 2111 381 2154 floribus
410 2113 544 2167 prima
581 2114 657 2155 sibi
697 2114 821 2156 mella
862 2114 1075 2169 collegisse
1116 2116 1279 2158 videtur
1310 2116 1497 2169 Ovidius,
1541 2117 1611 2171 qui
1642 2117 1692 2158 in
1724 2122 1942 2159 metamor-

211 2180 408 2235 phosibus
438 2181 553 2235 (XII
578 2182 757 2237 10—23)
789 2183 964 2225 eundem
988 2184 1163 2226 Homeri
1193 2185 1327 2226 locum
1351 2186 1536 2227 imitatus
1566 2189 1637 2227 est..
1698 2185 1806 2228 Sunt
1836 2200 1942 2240 quae

211 2250 344 2303 magis
374 2250 428 2292 ad
461 2250 715 2305 Ciceronem,
754 2266 876 2306 quam
919 2253 973 2294 ad
1003 2253 1237 2296 Homerum
1266 2255 1498 2308 respiciant.
1562 2254 1627 2297 Cf.
1663 2254 1748 2298 Cic.
1788 2255 1942 2296 »vidi-

211 2332 315 2361 mus
344 2319 516 2361 immani
546 2321 680 2374 specie
711 2325 903 2375 tortuque
934 2322 1240 2376 draconem«,
1287 2322 1361 2366 Ov.
1395 2338 1428 2364 v.
1461 2323 1513 2365 13
1564 2323 1728 2365 »Danai
1769 2323 1942 2364 videre

211 2386 492 2441 draconem,
536 2388 661 2431 Hom.
691 2389 774 2432 308
817 2387 956 2447 ἐφάνη
995 2391 1102 2446 μέγα
1142 2392 1271 2449 σῆμα.
1334 2392 1420 2435 Cic.
1457 2393 1727 2446 »corripuit
1767 2392 1942 2446 pullos«,

213 2455 289 2499 Ov.
322 2473 356 2499 v.
380 2458 431 2498 17
464 2458 709 2512 corripuit
738 2473 915 2514 serpens,
945 2459 1072 2503 Hom.
1094 2460 1177 2503 316
1208 2458 1348 2515 λάβεν.
1411 2461 1497 2504 Cic.
1534 2461 1753 2515 »quidnam
1786 2461 1940 2502 obsti-

212 2525 392 2578 puistis
432 2526 607 2568 Achivi«
656 2527 732 2570 Ov.
765 2543 800 2570 v,
837 2528 888 2570 18
928 2529 1220 2583 obstipuere
1260 2544 1419 2582 omnes3
1466 2530 1552 2572 Cic.
1599 2529 1818 2572 »Troiam
1853 2562 1859 2570 .
1893 2562 1940 2569 .-

211 2607 317 2647 quae
348 2594 522 2636 decumo
552 2596 715 2649 cadet,
759 2596 834 2639 Ov.
868 2613 902 2639 v,
934 2597 989 2639 20
1019 2597 1173 2640 Troia
1204 2598 1353 2640 cadet
1383 2598 1509 2640 Hom.
1542 2598 1624 2640 329
1658 2596 1789 2640 πόλιν
1821 2595 1940 2654 αἱρή-

211 2675 351 2715 σομεν.
412 2662 498 2705 Cic.
533 2664 736 2706 »Abdidit
765 2670 806 2707 et
837 2666 939 2708 duro
969 2666 1160 2709 formavit
1191 2668 1372 2721 tegmine
1403 2668 1555 2719 saxi«,
1601 2666 1676 2709 Ov.
1712 2666 1807 2708 »Fit
1835 2667 1941 2721 lapis

212 2734 254 2771 et
282 2735 418 2772 servat
448 2734 648 2786 serpentis
676 2734 857 2788 imagine
888 2750 1083 2777 saxum«
1121 2736 1185 2789 (cf.
1208 2736 1294 2778 Cic.
1328 2736 1379 2777 de
1411 2736 1491 2778 div.
1524 2736 1622 2788 §65
1658 2735 1732 2776 »de
1762 2735 1940 2776 dracone

211 2798 315 2851 silet,
345 2800 426 2853 qui,
458 2832 466 2840 .
488 2832 496 2841 .
518 2833 526 2841 .
556 2801 786 2856 lapideus
816 2803 965 2846 dicitur
1002 2806 1222 2856 factus«).
1284 2805 1406 2858 Quod
1439 2805 1538 2846 (licit
1573 2804 1779 2845 »abdidit«
1816 2804 1939 2845 inter-

211 2881 314 2921 pres,
353 2871 468 2922 patet
508 2883 601 2910 eum
641 2870 789 2924 legisse
833 2868 1057 2928 >>ἆίὸήλον<<
1107 2872 1154 2915 cf.
1188 2873 1312 2915 schol.
1347 2869 1368 2914 ὁ
1401 2871 1540 2929 φήνας
1570 2866 1698 2913 utitor
1734 2870 1835 2921 θεός
1867 2871 1936 2912 καὶ

212 2929 400 2993 ἄδηλον
432 2933 679 2994 irminam«.

330 3089 363 3132 1)
389 3088 443 3124 Cf.
469 3100 553 3134 pag.
579 3090 600 3123 9
629 3090 738 3124 huius
765 3090 946 3137 opusculi.
