2159 3481
219 304 456 357 editoribus,
500 304 623 346 vertit
657 303 804 358 »idque
834 305 894 346 ita
921 305 1112 357 tornavit,
1157 309 1204 346 ut
1231 304 1335 346 nihil
1365 303 1534 347 efficere
1562 310 1702 360 posset
1728 307 1957 359 rotundiuS,

219 375 322 417 nihil
352 374 586 429 asperitatis
615 376 662 414 ut
690 372 871 426 haberet,
902 373 1005 414 nihil
1035 373 1290 425 offensionis,
1322 373 1425 414 nihil
1457 374 1630 416 incisum
1650 375 1823 429 angulis,
1853 375 1956 417 nihil

220 442 501 495 amfractibus,
543 441 645 483 nihil
685 442 881 494 eminens,
927 442 1029 483 nihil
1070 442 1351 484 lacunosum«.
1411 441 1529 483 Nihil
1566 442 1712 485 horum
1741 443 1955 486 verborum

219 513 330 569 apud
359 512 593 554 Platonem.
650 509 783 565 Atqui
816 511 974 565 pridem
1004 512 1195 553 inventus
1224 515 1288 552 est
1316 524 1539 553 consensus
1570 525 1662 554 cum
1693 512 1823 554 altero
1852 513 1955 555 libro

219 582 270 624 de
300 585 384 623 nat.
405 580 514 623 deor.
538 581 644 635 §47,
674 579 743 621 ubi
774 579 878 622 haec
906 579 1031 622 verba
1060 581 1252 634 genuina.
1310 579 1354 621 A
1378 578 1589 622 Ciceronis
1610 579 1782 623 Timaeo
1811 581 1955 624 eadem

220 650 459 706 abroganda
488 663 577 692 esse
621 648 746 690 verba
791 662 867 702 ego
910 649 974 691 his
1014 663 1113 691 usus
1151 650 1405 703 argumentis
1446 649 1711 692 confirmabo.
1770 649 1955 692 Primum

219 721 340 762 velim
382 719 481 761 mihi
525 733 651 760 unam
690 718 888 760 eiusmodi
930 718 1298 773 amplificationem
1337 722 1567 760 monstrent
1612 719 1683 771 illi,
1724 720 1794 773 qui
1833 720 1955 762 inter-

219 790 325 845 preti
354 787 587 830 tribuerunt
606 787 716 829 1111110
734 788 879 829 10011111.
940 787 1158 842 Nusquam
1190 789 1230 828 in
1263 787 1342 829 1130
1371 791 1461 829 tota
1490 787 1540 830 de
1562 789 1751 830 universo
1772 789 1956 830 oratione

219 860 420 913 interpres
449 861 569 898 tanta
599 855 815 898 verborum
847 857 966 910 copia
1003 871 1102 898 usus
1132 862 1205 898 est.
1265 856 1399 898 Immo
1430 857 1464 898 si
1494 871 1689 911 unquam,
1734 858 1840 899 mira
1869 871 1956 899 ver-

219 929 344 969 sionis
374 926 460 968 fide
489 927 620 967 utitur
650 926 691 965 in
722 924 905 966 Timaeo.
965 924 1107 968 Verba
1137 940 1173 979 q.
1205 940 1234 966 s.
1282 930 1352 967 »ut
1390 925 1491 967 nihil
1522 926 1692 968 efficere
1723 931 1864 981 posset
1893 940 1956 968 ro-

219 996 410 1038 tundius«
446 1010 472 1036 a
503 993 702 1037 Cicerone
733 999 829 1036 sunt
858 994 1001 1036 addita
1034 1020 1087 1024 —
1118 1008 1215 1035 non
1239 999 1286 1036 ut
1323 994 1488 1036 rotundi
1520 996 1729 1037 notionem
1760 1010 1834 1050 per
1862 1010 1956 1050 gra-

218 1066 318 1108 dum
339 1068 510 1119 augeret
539 1089 594 1094 —
624 1078 721 1104 nam
752 1063 829 1104 hoc
859 1064 1045 1118 ineptum
1074 1077 1162 1105 esse
1179 1062 1338 1105 Friesio
1359 1064 1537 1106 concedo
1568 1089 1635 1116 —,
1666 1064 1737 1106 sed
1768 1069 1815 1106 ut
1834 1064 1958 1107 verba

219 1130 395 1176 πάντων
423 1130 685 1175 τελεώτατον
716 1132 837 1173 simul
867 1133 1123 1187 exprimeret.
1185 1131 1304 1187 Quae
1347 1134 1457 1174 enim
1492 1137 1718 1187 sequuntur
1754 1127 1956 1187 ὁμοιότα-

218 1198 291 1246 τὸν
320 1219 366 1246 τε
397 1195 504 1244 αὐτὸ
539 1198 696 1243 ἑαυτῶι
727 1198 960 1257 σχημάτων
1004 1202 1156 1256 optime
1195 1201 1391 1255 leguntur
1430 1203 1471 1243 in
1515 1201 1733 1255 codicibus,
1774 1203 1844 1257 qui
1874 1216 1957 1244 uno

218 1287 286 1314 ore
316 1271 511 1314 exhibent
544 1284 789 1325 »omnesque
819 1274 957 1324 partes
996 1271 1244 1316 simillimae
1283 1272 1505 1313 omnium«.
1564 1271 1633 1313 De
1662 1271 1741 1314 1130
1771 1271 1957 1314 codicum

219 1342 422 1396 scriptura
464 1340 648 1382 Friesius
691 1344 813 1392 tacet,
857 1341 925 1394 qui
972 1339 1082 1381 Mus.
1128 1339 1262 1381 Rhen.
1294 1342 1348 1381 54
1388 1355 1480 1395 pag.
1513 1341 1595 1382 568
1638 1341 1779 1383 multis
1824 1341 1957 1383 verbis

220 1410 410 1452 inanibus
453 1409 638 1464 disputat
681 1409 731 1450 de
772 1408 851 1450 hoc
889 1409 997 1460 loco;
1048 1409 1326 1452 »simillimas«
1374 1413 1438 1450 est
1476 1410 1712 1451 coniectura
1741 1409 1957 1462 Perizonii,

219 1494 344 1534 quam
393 1493 533 1520 secure
579 1492 720 1520 omnes
764 1478 941 1520 editores
984 1482 1236 1532 receperunt.
1306 1477 1491 1521 Verbum
1537 1482 1701 1520 tantum
1745 1478 1861 1520 deest
1905 1478 1958 1531 id,

219 1548 329 1603 quod
360 1553 453 1603 post
487 1552 673 1602 »partes«
708 1547 831 1588 facile
862 1547 1048 1589 excidere
1079 1549 1224 1601 potuit,
1256 1548 1412 1589 scilicet
1446 1552 1646 1589 »essent«.
1705 1547 1855 1590 Eiecta
1884 1548 1957 1602 igi-

219 1623 287 1660 tur
316 1617 633 1672 interpolatione
673 1617 730 1657 sic
770 1617 891 1658 velim
932 1617 1045 1670 legas
1076 1616 1185 1658 1111110
1215 1617 1349 1658 10011111
1395 1617 1540 1671 »idque
1580 1617 1638 1658 ita
1674 1617 1864 1668 tornavit,
1909 1621 1958 1659 ut

220 1687 321 1728 nihil
362 1686 531 1728 efficere
572 1690 711 1739 posset
749 1685 965 1727 rotundius
1002 1700 1222 1739 omnesque
1264 1690 1403 1740 partes
1442 1690 1579 1727 essent
1610 1686 1841 1727 simillimae
1873 1699 1956 1727 0111-

220 1757 373 1798 nium«.
433 1755 525 1796 Iam
556 1758 665 1796 recte
697 1758 739 1796 et
767 1759 863 1809 apte
893 1759 1092 1808 sequntur
1126 1756 1261 1796 »omni
1282 1759 1421 1796 autem
1442 1758 1574 1796 totam
1604 1754 1784 1809 figuram
1814 1755 1957 1797 mundi

220 1825 386 1866 levitate
429 1823 697 1866 circumdedit
732 1845 775 1858 =
812 1823 925 1866 λεῖον
967 1822 1013 1865 δὲ
1058 1822 1110 1881 δὴ
1145 1857 1154 1864 .
1187 1856 1196 1864 .
1230 1856 1239 1864 .
1272 1819 1378 1866 αὐτὸ
1426 1819 1752 1881 ἀπηκριβοῦτο,
1810 1823 1957 1878 quibus

220 1894 353 1936 verbis
384 1895 584 1948 interpres
615 1893 723 1935 idem
754 1893 865 1946 dicit,
895 1893 1004 1947 quod
1035 1893 1314 1947 interpolator,
1355 1893 1424 1947 qui
1454 1893 1615 1935 addidit
1649 1893 1775 1934 »nihil
1805 1893 1956 1947 asperi-

220 1964 319 2005 tatis
349 1967 396 2004 ut
424 1962 606 2014 haberet,
648 1961 748 2003 nihil
791 1962 1035 2003 offensionis
1065 1976 1100 2003 e.
1132 1977 1168 2016 q.
1200 1977 1229 2003 s.
1290 1962 1409 2016 Quae
1442 1966 1489 2003 ut
1517 1962 1688 2004 adderet
1723 1962 1791 2003 ille
1821 1963 1958 2004 nescio

220 2034 311 2087 quis
332 2047 381 2073 ex
404 2031 616 2074 Ciceronis
646 2031 749 2072 libro
780 2031 830 2072 de
852 2035 935 2072 nat.
957 2031 1138 2083 deorum,
1168 2031 1291 2073 facile
1319 2035 1547 2073 commotus
1575 2036 1647 2083 est,
1678 2045 1772 2073 011111
1792 2031 1958 2085 legeret,

223 2102 262 2142 in
296 2100 506 2143 Ciceronis
523 2098 694 2141 Timaeo
725 2114 818 2154 pag.
837 2102 965 2144 99719
1003 2101 1069 2153 §S
1104 2101 1161 2141 »si
1192 2100 1299 2141 forte
1333 2102 1386 2144 (10
1417 2102 1592 2144 natura
1625 2101 1821 2145 deorum'
1848 2103 1957 2141 ortu-

221 2184 299 2224 que
338 2169 480 2211 mundi
511 2169 769 2221 disserenteS,
814 2170 950 2210 minus
990 2169 1042 2221 id,
1062 2199 1066 2203 -
1086 2169 1197 2223 quod
1233 2184 1399 2211 avemus
1431 2170 1579 2222 animo,
1624 2182 1958 2223 consequemur«,

222 2239 284 2280 vel
316 2238 426 2280 infra
455 2253 547 2292 pag.
581 2239 735 2282 100614
774 2240 870 2291 §37
904 2252 1089 2292 quaeque
1122 2239 1178 2282 de
1212 2239 1403 2283 deorum
1436 2271 1447 2282 .
1482 2271 1493 2281 .
1528 2271 1539 2282 .
1572 2240 1742 2283 natura
1779 2237 1958 2292 praefati

222 2322 401 2349 sumus«.
462 2307 544 2348 His
584 2307 716 2349 verbis
753 2306 966 2349 doctorum
1007 2308 1184 2349 virorum
1224 2308 1383 2348 animos
1424 2308 1508 2361 ipse
1542 2305 1687 2349 Cicero
1719 2305 1958 2357 advocabat,

223 2381 268 2417 ut
298 2377 546 2430 inspicerent
576 2380 618 2417 et
647 2381 935 2430 compararent
965 2376 1089 2417 lih'ros
1119 2376 1170 2418 de
1200 2380 1351 2417 natura
1379 2376 1559 2418 deorum.

337 2445 523 2487 Transeo
554 2445 607 2486 ad
638 2445 812 2486 alterum
844 2445 989 2487 10011111.

339 2513 494 2569 Opifex
525 2514 666 2555 mundi
700 2514 813 2555 fatur
842 2514 895 2556 ad
925 2514 1024 2556 deos
1054 2528 1147 2568 pag.
1177 2513 1284 2555 41A
1331 2512 1455 2557 »θεοὶ
1496 2513 1626 2564 θεῶν,
1671 2503 1730 2553 ὧν
1767 2506 1847 2567 ἐγώ
1888 2511 1959 2569 δη-

223 2578 423 2638 μιουργός
453 2581 601 2639 πατήρ
632 2598 678 2625 τε
707 2579 837 2638 ἔργων
867 2571 895 2624 ἃ
926 2579 981 2625 δι’
1016 2577 1329 2638 ἐμοῦγενόμενα
1368 2577 1506 2624 ἄλυτα
1545 2579 1698 2637 ἑμοῧγε
1728 2577 1960 2630 ἐθέλοντος

225 2672 279 2686 =
310 2652 430 2694 Haec
459 2666 540 2704 vos,
585 2653 652 2706 qui
694 2652 862 2694 deorum
903 2657 995 2694 satu
1034 2653 1109 2693 orti
1152 2653 1261 2704 estis,
1308 2652 1526 2693 attendite:
1575 2665 1746 2705 quorum
1791 2664 1960 2704 operum

225 2734 300 2774 ego
331 2736 479 2775 parens
522 2721 776 2775 effectorque
817 2736 918 2773 sum,
966 2721 1067 2762 haec
1109 2725 1205 2761 sunt
1244 2721 1488 2762 indissoluta
1526 2734 1590 2761 me
1622 2720 1772 2761 invito«
1824 2720 1956 2764 10074

226 2791 333 2843 §4st
395 2790 535 2831 Primo
558 2790 704 2832 obtutu
726 2795 899 2844 apparot
919 2790 1021 2831 haec
1043 2791 1149 2831 inter
1179 2804 1221 2830 se
1252 2789 1479 2831 dissentire.
1540 2788 1724 2830 Primum
1752 2792 1792 2829 et
1814 2788 1960 2841 legisse

226 2862 267 2899 et
297 2859 464 2899 vertisse
497 2857 737 2901 Ciceronem
773 2858 955 2900 videmus
997 2855 1127 2911 »ἐμοῦ
1158 2873 1202 2912 γε
1232 2856 1290 2913 μὴ
1325 2856 1593 2908 ἐθέλοντοςο.
1655 2857 1792 2911 Quam
1823 2857 1960 2898 lectio-

226 2941 319 2968 nem
350 2926 620 2969 Herinannus
652 2929 691 2968 in
724 2927 848 2968 nobili
884 2928 954 2968 illa
985 2927 1329 2969 commentatione
1369 2926 1420 2968 de
1453 2915 1864 2969 Ciceronis'Timaeo
1895 2926 1961 2967 vix

225 2997 371 3037 merito
392 2996 590 3050 probavit.
651 2996 735 3038 Res
765 2998 873 3038 enim
906 2996 1008 3037 haec
1038 3001 1116 3037 cst:
1149 2995 1391 3037 aedificator
1412 2995 1551 3037 mundi
1585 2995 1666 3036 tale
1697 2994 1839 3036 effecit
1859 3008 1962 3048 opus

226 3058 336 3106 ὥστε
367 3058 521 3106 ἶὶλυτον
550 3059 642 3107 ὑπό
675 3080 749 3106 του
769 3059 902 3107 ἄλλου
932 3061 1053 3121 πλὴν
1085 3058 1174 3105 ὕπὸ
1208 3065 1284 3105 τοῦ
1306 3059 1590 3120 ξι·νδήσαντος
1616 3060 1820 3117 γενέσθαι
1855 3062 1959 3104 321)

227 3154 281 3168 =
311 3138 357 3175 ut
387 3133 550 3176 dissolvi
583 3134 696 3176 nullo
727 3135 849 3176 modo
879 3138 1014 3188 queat,
1061 3134 1136 3174 nisi
1169 3133 1221 3174 ab
1253 3133 1407 3185 eodem,
1452 3148 1478 3173 a
1505 3146 1586 3186 quo
1625 3136 1688 3173 est
1717 3131 1957 3185 colligatus«.
