2159 3481
965 219 1217 258 —5-

220 340 358 382 culum
487 339 655 395 Quanto
686 345 749 381 est
778 340 930 382 divisus
963 340 1124 383 Cancer
1154 343 1287 396 spatio
1318 357 1343 383 a
1371 341 1633 396 Capricorno.
1692 344 1756 386 At
1778 345 1955 394 ,subter

222 413 386 450 terras
431 410 610 463 spatium
654 424 742 463 par
783 422 870 451 esse
916 424 1081 451 necesse
1121 417 1195 452 est.
1243 436 1297 440 —
1342 410 1464 452 Arati
1510 413 1859 455 narratiunculam
1903 414 1954 456 de

222 477 376 520 Orione
417 479 511 530 (637
527 479 630 532 sqq.)
676 476 820 520 Cicero
863 478 981 520 valde
1026 478 1307 533 amplificavit
1374 478 1557 521 Exstant
1600 485 1739 522 autem
1782 483 1956 537 vestigia

221 547 333 597 satis,
365 551 411 587 ut
440 551 551 601 puto,
593 551 748 601 aperta,
787 561 881 588 eum
912 552 985 588 aut
1016 547 1135 599 idem,
1176 552 1249 589 aut
1278 548 1410 590 simile
1441 553 1550 590 certe
1581 548 1779 591 scholium
1808 551 1955 605 legisse

219 615 328 669 quod
359 628 444 656 1105.
503 614 673 656 Etenim
705 614 834 658 Orion
866 609 1045 670 ὄῖριστος
1075 610 1134 657 ὦν
1165 612 1340 672 κυνηγός
1371 615 1472 670 (Cic.
1491 619 1571 658 431
1604 622 1837 672 venantem)
1867 652 1875 660 .
1907 652 1915 660 .
1946 653 1954 661 .

212 675 423 737 ’Ἄρτεμιν
453 716 460 724 .
484 716 522 725 ..
552 680 746 737 ἐβιάζετο
778 683 879 763 (Cic.
910 686 991 726 419
1023 685 1212 726 manibus
1242 685 1415 727 violasse
1445 685 1629 727 Dianam
1659 687 1822 741 dicitur)
1852 682 1880 744 ἣ
1909 687 1956 731 δὲ

221 746 412 808 κολώνην
441 754 515 808 τῆς
545 746 674 807 νήσου
711 749 890 808 ἐποίησε
907 753 1203 833 mdtapqayjjvat
1237 753 1450 807 (010427
1486 755 1620 796 insula
1648 755 1849 805 discessit)
1879 757 1954 798 καὶ

220 815 487 875 ἀναδοθῆναι
519 817 593 862 τὸν
624 818 851 875 σκορπίον,
900 814 969 878 ὑφ
1005 837 1054 863 ου
1087 816 1109 864 ὁ
1140 818 1294 876 Ὠρίων
1325 820 1540 878 πληγείς
1569 818 1772 866 ἀπώλετο
1800 846 1844 858 =
1870 824 1954 868 Cic.

219 890 301 931 429
333 890 473 931 existit
503 888 699 944 Scorpius
730 922 738 930 .
771 890 916 932 ..1110
947 891 1082 932 valido
1112 892 1289 946 perculit
1318 892 1433 933 ictu.

334 958 694 1012 Prognosticorum
739 923 985 1013 fragmentis
1028 960 1125 1001 licet
1169 961 1403 1012 rarissimis,
1446 961 1698 1016 comprobari
1747 963 1804 1014 id,
1846 964 1955 1017 quod

220 1028 468 1082 quaerimuS,
499 1027 727 1069 ostendam.

331 1095 491 1137 Aratus
512 1111 546 1137 v.
567 1098 648 1138 909
681 1098 797 1153 σῆμα
827 1094 875 1138 δέ
904 1111 971 1138 τοι
991 1091 1167 1149 ἀνέμοιο
1200 1096 1274 1139 καὶ
1306 1094 1553 1140 οἱὸαίνουσα
1574 1096 1801 1150 θάλασσας
1830 1101 1954 1143 501101.

219 1179 311 1219 pag.
343 1167 451 1211 5093
499 1160 606 1206 ὅταν
650 1161 899 1222 ἐξαίφνης
944 1161 1188 1222 ἀνοιδαίνηι
1234 1159 1260 1222 ἡ
1306 1162 1525 1209 θάλασσα.
1588 1166 1732 1210 Cicero
1775 1169 1851 1223 frg.
1882 1169 1955 1211 ΠΙ

219 1233 424 1276 Inflatum
453 1249 567 1276 mare
607 1249 716 1276 011111
755 1234 920 1275 subito
952 1267 960 1274 .
1032 1236 1286 1277 .tumescit‹<
1334 1235 1410 1277 Ar.
1444 1237 1524 1278 912
1569 1235 1644 1278 καὶ
1686 1229 1724 1278 δ’
1767 1254 1830 1289 αν,
1876 1237 1955 1281 ἐπὶ

220 1301 345 1360 ξηρήν
373 1296 434 1345 ὅτ’
448 1300 648 1384 ἐρωδιός
677 1298 726 1344 οὗ
759 1301 869 1344 κατὰ
904 1297 1063 1356 κόσμον
1102 1301 1148 1356 ἐξ
1187 1297 1294 1354 ἁλός
1323 1301 1495 1361 ἔρχηται
1541 1305 1665 1347 schol.
1696 1321 1788 1360 pag.
1820 1309 1900 1349 509
1913 1328 1952 1354 ³0

220 1370 399 1427 φεύγει
441 1368 464 1414 ὃ
496 1369 554 1426 ἐρ.
585 1366 661 1428 τὴν
691 1369 923 1414 θάλασσαν
969 1371 1114 1415 Cicero
1164 1373 1386 1428 »fugiens
1425 1388 1447 1415 e
1487 1375 1649 1428 gurgite
1692 1377 1831 1429 ponti«
1880 1375 1955 1420 Ar.

221 1443 320 1483 954:
370 1439 443 1483 καὶ
485 1438 584 1495 βόες
628 1435 710 1498 ἤδη
755 1455 821 1483 τοι
869 1438 1013 1495 πάρος
1056 1435 1212 1492 ὕδατος
1255 1439 1413 1485 ἐνὸίοιο
1455 1439 1632 1496 οὐρανόν
1671 1440 1958 1496 εἷσανιὸόντες

219 1502 304 1551 ἀπ’
332 1506 513 1565 αἰθέρος
551 1504 850 1566 ὀσφρήσαντο<<
901 1510 1025 1552 501101.
1057 1512 1186 1557 51922
1237 1508 1474 1561 ἕλκοντες
1516 1510 1602 1554 τὸν
1644 1507 1768 1567 α’έρα
1812 1512 1956 1557 Cicero

224 1579 370 1621 »boves
402 1612 410 1619 .
442 1611 450 1619 .
482 1612 489 1620 .
520 1579 689 1621 naribus
719 1579 938 1621 umiferam
968 1579 1152 1621 duxere
1183 1593 1238 1621 ex
1269 1595 1380 1622 aere
1411 1595 1615 1623 sucum«.

335 1646 541 1699 811115151ος
584 1648 802 1690 sufficiunt
840 1649 967 1701 enim,
1011 1663 1116 1703 quae
1158 1650 1437 1703 congessimus
1477 1650 1674 1705 exempla.
1736 1650 1955 1694 Condona-

219 1718 353 1759 bimus
383 1743 437 1747 —-
467 1718 612 1772 opinor
642 1743 688 1746 —
726 1717 1035 1759 adulescentulo
1064 1718 1324 1760 mediocriter
1366 1718 1554 1760 doctrina
1591 1720 1806 1772 instructo,
1847 1721 1956 1774 quod

219 1788 327 1828 notis
358 1787 570 1829 doctorum
593 1788 770 1828 virorum
802 1786 998 1828 adhibitis
1028 1788 1213 1828 animum
1234 1787 1450 1829 advocavit
1480 1788 1533 1829 ad
1562 1802 1698 1830 rerum
1719 1789 1954 1831 caelestium

219 1857 506 1910 cognitionem.
564 1855 709 1910 Neque
740 1860 879 1897 tamen
910 1860 1128 1898 contentus
1159 1857 1226 1898 ille
1257 1856 1339 1898 fuit
1369 1857 1554 1911 partibus
1585 1858 1829 1912 interpretis,
1867 1859 1955 1899 imi-

218 1929 329 1967 tator
358 1925 488 1966 voluit
515 1925 670 1967 haberi.
732 1924 996 1980 Quapropter
1026 1939 1109 1967 non
1139 1925 1281 1980 fruges
1301 1930 1475 1978 tantum,
1506 1941 1645 1968 verum
1676 1927 1801 1968 etiam
1830 1927 1956 1969 flores

219 2008 269 2035 ex
311 1994 485 2034 aliorum
523 1993 653 2035 hortis
692 1994 873 2048 collegit,
917 1993 1065 2048 quibus
1110 2008 1205 2035 51105
1245 1999 1410 2036 ornaret
1450 1995 1679 2036 versiculos.
1753 1994 1956 2038 Conferas

219 2077 252 2103 e.
283 2077 320 2116 g.
350 2061 475 2104 Arati
518 2078 552 2104 v.
584 2064 666 2104 360
705 2062 756 2104 de
796 2063 981 2104 Eridano
1023 2078 1116 2105 cum
1157 2063 1242 2106 Cic.
1277 2066 1354 2104 145
1395 2063 1626 2105 Eridanum
1658 2097 1666 2104 .
1698 2097 1705 2105 .
1738 2097 1745 2105 .
1776 2065 1954 2119 magnis-

219 2147 310 2174 cum
341 2131 494 2173 viribus
525 2146 699 2184 amnem,
747 2131 883 2187 Quem
922 2133 1101 2174 lacrimis
1140 2137 1323 2175 maestae
1353 2133 1598 2175 Phaetontis
1637 2148 1758 2187 saepe
1798 2147 1955 2175 sorores

220 2199 495 2256 Sparserunt«
534 2201 656 2243 schol.
693 2194 785 2243 »ὅτι
818 2197 863 2242 αἱ
889 2197 1138 2252 Ἡλιάδες
1169 2233 1180 2243 .
1205 2235 1214 2243 .
1233 2234 1242 2243 .
1273 2197 1528 2257 ὀδυρόμεναι
1559 2200 1632 2244 τὸν
1661 2198 1850 2257 ἀδελφόν
1879 2207 1954 2245 etc.

221 2269 461 2325 Cassiepeia
506 2265 609 2312 »οὖ-κ.
639 2264 703 2324 ἄρ’
738 2267 910 2324 ἔμελλεν
940 2268 1104 2325 Δωρίδι
1145 2269 1218 2313 καὶ
1251 2266 1462 2328 Πανόπηι
1492 2269 1685 2326 μεγάλων
1722 2265 1824 2327 ἄτερ
1854 2267 1954 2313 ἰσώ-

219 2342 415 2381 σασθαια.
462 2339 586 2381 501101.
641 2332 718 2380 οὖν.
762 2335 935 2392 ἔμελλεν
980 2338 1102 2394 περὶ
1151 2337 1368 2390 κάλλους
1412 2338 1796 2397 ἐναντιωθῆναι
1841 2342 1956 2391 ταῖς

218 2408 474 2464 Νηρῆισιν
503 2401 623 2450 ἄνευ
656 2441 665 2449 .
687 2441 696 2449 .
721 2441 729 2449 .
764 2408 972 2465 ζημιῶν.
1036 2408 1120 2451 Cic.
1143 2411 1225 2451 446
1262 2409 1411 2451 »Hanc
1442 2410 1499 2450 illi
1531 2409 1717 2451 tribuunt
1746 2423 1952 2464 poenam

217 2476 458 2519 Nereides
488 2478 633 2529 almae,
666 2476 772 2519 Cum
793 2477 942 2531 quibus
972 2482 1019 2519 ut
1048 2477 1265 2532 perhibent
1285 2483 1427 2520 ausast
1456 2478 1753 2520 contendere
1783 2478 1953 2520 forma.

330 2546 471 2600 Atque
503 2547 604 2588 talia
632 2546 796 2601 quidem
828 2547 947 2600 plura
978 2551 1153 2588 exstant.
1213 2547 1322 2589 Nolo
1352 2547 1504 2590 addere
1534 2547 1732 2601 exempla,
1763 2547 1860 2601 quia
1889 2561 1953 2588 res

217 2617 305 2670 ipsa
335 2616 447 2666 satis,
494 2619 540 2656 ut
569 2628 698 2669 spero,
744 2620 888 2669 aperta
917 2620 990 2657 est.
1050 2615 1139 2657 Nec
1178 2630 1259 2658 non
1298 2620 1424 2670 patet,
1469 2630 1551 2670 qua
1579 2617 1737 2657 ratione
1768 2616 1951 2658 vertendi

216 2699 313 2726 usus
345 2686 416 2725 sit:
464 2685 614 2725 etenim
655 2698 747 2725 cum
779 2685 950 2737 singulis
982 2685 1163 2726 versibus
1194 2685 1383 2739 perlectis
1423 2685 1475 2726 ad
1506 2685 1805 2735 enarrationes,
1850 2700 1952 2739 quas

215 2753 378 2808 quidem
423 2754 651 2808 adscriptas
696 2754 860 2804 invenit,
906 2755 1154 2805 accessisset,
1209 2768 1257 2794 ex
1299 2755 1497 2795 memoria
1540 2768 1728 2795 versuum
1773 2753 1953 2795 reddidit

215 2827 514 2876 argumentum,
546 2837 624 2863 non
658 2822 823 2863 verbum
855 2836 904 2863 ex
936 2822 1068 2873 verbo,
1104 2827 1150 2863 ut
1181 2822 1253 2863 fidi
1287 2822 1420 2863 solent
1452 2824 1704 2876 interpretes.
1766 2822 1948 2876 Cognos-

214 2892 343 2934 cimus
374 2891 497 2944 igitur
527 2891 635 2933 unde
667 2905 818 2944 magna
848 2892 1043 2932 versionis
1074 2891 1241 2932 libertas
1271 2891 1385 2932 facta
1414 2892 1483 2942 sit,
1526 2906 1648 2945 quam
1689 2904 1770 2932 uno
1803 2891 1947 2932 saltem

214 2961 399 3014 exemplo
440 2960 641 3001 illustrare
684 2960 814 3001 liceat.
875 2960 1144 3014 Respondent
1183 2962 1289 3002 inter
1319 2974 1360 3001 se
1393 2959 1479 3001 Cic.
1510 2975 1609 3001 vers.
1646 2961 1862 3001 iso—‘205
1907 2964 1950 3000 et

214 3029 288 3070 Ar.
315 3044 348 3069 ν.
366 3030 602 3070 408-430.
661 3028 755 3070 Nox
786 3029 936 3071 dicitur
971 3030 1285 3070 »commiserans
1316 3029 1527 3071 hominum
1557 3028 1800 3070 metuendos
1829 3028 1945 3069 undi-

212 3112 290 3152 que
321 3112 478 3139 casus«.
540 3096 658 3152 Quae
688 3097 822 3149 verba,
866 3102 1004 3140 utrum
1034 3099 1256 3152 respiciant
1288 3098 1340 3139 ad
1372 3113 1405 3138 V.
1437 3099 1518 3139 409
1562 3094 1771 3139 κλαίουσα
1816 3094 1948 3139 πόνον

214 3159 490 3221 ἅνθρώπωνε
528 3182 577 3208 an
613 3167 664 3209 ad
697 3168 824 3210 v.41‘2
858 3163 1194 3222 ἐποικτείρουσα
1227 3163 1545 3221 πολυρροθίους
1575 3159 1867 3220 ἀνθρώπου-01
1907 3167 1946 3207 111
