2159 3481
957 180 1236 220 ,10-

345 304 462 346 Dum
485 306 696 358 interpres,
727 308 773 345 ut
793 304 988 345 vertendo
1004 304 1164 346 fructus
1185 304 1332 357 capiat,
1362 316 1589 358 synonyma
1608 303 1802 354 admittit,
1831 302 1968 344 facere

234 388 313 415 non
356 375 500 428 potuit,
545 374 642 427 quin
688 373 809 415 modo
847 373 1021 427 simplici
1063 376 1248 414 uteretm·
1286 371 1408 413 verbo
1449 371 1571 413 modo
1611 373 1848 426 composito.
1907 373 1967 415 Ut

233 443 411 484 afferam
451 443 639 497 exempla
668 442 745 484 Ar.
777 458 811 483 v.
842 444 923 483 439
966 438 1180 497 δεξιτερήν
1217 435 1413 482 τανύοντι
1450 441 1573 482 vertit
1602 456 1636 481 v.
1668 442 1749 482 212
1780 441 1967 484 dextram

232 525 426 567 porgen83
472 511 550 552 Ar.
580 527 615 553 v.
648 513 727 552 251
775 509 848 552 καὶ
894 507 933 552 οἳ
982 508 1171 567 δεξιτερή
1211 506 1466 551 τετάνυσται
1510 509 1721 550 »dextram
1751 511 1967 553 intendit«.

234 580 392 623 Contra
426 598 443 618 »
457 574 632 637 Κηφεύς
673 576 720 621 ἐκ
748 577 887 634 βορέω
927 573 1109 635 μεγάληι
1152 574 1235 619 nivei
1275 575 1386 634 χειρί
1428 575 1618 620 nehem«
1652 593 1688 620 v.
1719 580 1813 632 630,
1861 595 1966 624 »non

233 654 367 691 cessat
405 649 574 691 tendere
605 649 744 700 (schol.
776 645 952 690 ἐκτείνει
986 646 1064 703 γὰρ
1095 645 1173 705 τὴν
1200 649 1335 702 χεῖρα)
1375 647 1559 701 palmas«
1605 649 1699 689 415.
1745 673 1799 678 —
1840 649 1967 693 Venti

232 718 425 760 dicuntur
462 718 545 759 sive
593 717 789 759 »flamine
827 718 1029 759 mulcere«
1065 719 1189 771 (117),
1235 718 1318 758 sive
1364 715 1497 757 »flatu
1526 717 1802 770 permulcere«
1837 721 1967 773 (184);

232 787 337 828 Ales
368 792 431 829 est
464 787 643 828 »clinata
670 788 804 840 magis
834 786 1056 840 Aquilonis
1088 786 1141 827 ad
1172 800 1318 827 auras«
1365 786 1433 838 (86
1469 806 1514 818 =
1550 779 1783 842 ἆσσότερον
1812 786 1968 843 βορέαο

233 858 342 909 313),
386 856 510 898 Aries
549 860 687 898 autem
731 856 911 897 »flamen
952 855 1005 897 ad
1047 855 1194 897 Austri
1237 855 1494 896 inclinatior«
1546 856 1598 896 10
1631 875 1684 890 =
1715 854 1970 913 νοτιιότερος

233 927 326 967 238.
386 924 561 977 Tamus,
592 926 690 979 quia
723 925 921 967 »succidit
952 926 993 965 111
1024 938 1146 966 curvo
1178 923 1350 966 claudus
1379 924 1506 977 pede«
1542 923 1689 966 Manil.
1722 927 1815 978 259,
1859 928 1970 982 apud

234 993 476 1036 Ciceronem
506 998 548 1036 et
581 993 870 1048 »genuflexo«
906 995 1018 1047 (290)
1049 997 1113 1034 est
1139 997 1182 1034 et
1216 993 1476 1047 »inflexoque
1497 1007 1629 1047 genu«
1664 997 1787 1047 (330).
1846 996 1972 1039 Patet

231 1067 445 1117 tamquam
476 1063 529 1105 ad
560 1064 758 1104 amussim
788 1063 895 1105 hanc
926 1077 1113 1105 normam
1154 1062 1316 1105 dicendi
1356 1062 1614 1104 observatam
1644 1078 1732 1106 esse
1763 1065 1815 1107 ab
1846 1066 1969 1107 inter-

231 1136 357 1185 prete.
416 1131 565 1186 Itaque
610 1131 937 1186 Anquitenentis
984 1146 1158 1186 »supera
1196 1131 1381 1186 duplices
1419 1145 1581 1173 umeros
1623 1132 1766 1175 adfixa
1810 1135 1972 1177 videtur

234 1200 368 1244 Stella
397 1202 580 1243 micans«
615 1201 768 1256 (Frgm.
800 1200 944 1255 XIV),
989 1200 1159 1243 Arcturi
1207 1200 1372 1242 »subter
1408 1201 1648 1254 praecordia
1685 1201 1773 1244 fixa
1810 1204 1972 1246 videtur

235 1269 368 1313 Stella
397 1271 578 1312 micans«
614 1270 767 1325 (Frgm.
799 1270 968 1324 XVII),
1014 1274 1137 1324 atque
1168 1270 1343 1311 invicem
1373 1268 1555 1311 Leonem
1602 1271 1749 1313 »rutilo
1788 1274 1972 1327 sequitur

233 1340 441 1381 collucens
470 1354 638 1394 corpore
668 1341 806 1393 virgo«
842 1341 955 1393 (322)
1005 1339 1209 1394 »Ipsaque
1249 1339 1512 1393 consequitur
1549 1339 1690 1381 lucens
1730 1341 1790 1382 vis
1819 1356 1973 1396 magna

233 1408 394 1463 Nepai«
420 1411 544 1463 (324).
603 1409 665 1452 Ut
692 1413 831 1451 autem
861 1413 903 1450 et
936 1409 1122 1451 »lucent«
1156 1413 1198 1450 et
1233 1408 1498 1460 »collucent«,
1529 1412 1571 1450 et
1605 1409 1836 1451 »relucent«
1861 1410 1970 1465 (Frg.

232 1477 365 1530 VIII)
396 1479 552 1531 stellae,
592 1479 651 1520 ita
679 1482 721 1520 et
764 1478 974 1531 »fulgent«
1018 1482 1060 1519 et
1106 1478 1219 1519 »luce
1249 1476 1482 1531 refulgent«
1518 1479 1627 1532 (108,
1657 1480 1767 1532 410).
1829 1478 1971 1534 Quid?

232 1547 342 1601 quod
388 1546 460 1590 Sol
505 1549 625 1602 signa
673 1552 865 1589 »aeterno
911 1548 1113 1589 convestit
1158 1547 1314 1588 lumine
1359 1547 1565 1588 lustrans«
1615 1549 1728 1602 (332)
1776 1552 1819 1590 et
1862 1549 1973 1603 quod

233 1615 447 1671 Aquarius
481 1618 669 1658 »vestivit
698 1617 852 1658 lumine
883 1622 1038 1658 terras«
1072 1618 1154 1657 473
1174 1618 1213 1669 ¹).

347 1684 471 1728 Adde
511 1687 620 1740 quod
659 1687 778 1740 signa
816 1686 938 1728 modo
968 1686 1144 1739 caligine
1183 1689 1280 1726 sunt
1320 1688 1478 1726 »tecta«
1513 1686 1626 1739 (194)
1668 1685 1790 1728 modo
1840 1686 1972 1729 »nube

233 1752 445 1797 contecta«
480 1757 604 1809 (204),
653 1756 762 1810 quod
807 1756 983 1809 denique
1030 1755 1204 1796 aliorum
1249 1758 1341 1795 ortu
1386 1753 1507 1796 modo
1557 1754 1814 1809 »pelluntur«
1858 1756 1972 1809 (467)

231 1824 353 1866 modo
388 1825 698 1879 »depelluntur«
735 1826 858 1879 (469).
893 1851 944 1855 -

346 1894 505 1936 Desino
545 1895 734 1949 exempla
763 1908 993 1948 congerere,
1036 1908 1209 1948 quorinn
1250 1893 1369 1946 copia
1408 1893 1536 1934 cuivis
1575 1893 1726 1946 legenti
1762 1897 1972 1947 appareat.

233 1962 329 2005 Hoc
359 1967 522 2004 tantum
554 1977 710 2015 moneo,
752 1964 838 2005 iure
869 1963 1019 2004 dixisse
1050 1962 1100 2003 de
1134 1961 1332 2004 Cicerone
1363 1960 1628 2012 Frontonem,
1674 1975 1790 2002 »eum
1821 1975 1974 2015 genera

232 2032 447 2073 verborum
478 2033 755 2087 copiosissime
795 2032 1078 2086 uberrimeque
1118 2035 1330 2083 tractasse,
1376 2030 1499 2072 verba
1537 2031 1713 2084 propria,
1758 2031 1973 2083 translata,

233 2102 502 2156 simplicia,
535 2103 838 2156 composita«
875 2107 982 2156 (pag.
1015 2102 1066 2142 63
1099 2099 1236 2154 Nau).

348 2169 556 2213 Subsisto:
602 2172 848 2213 accessimus
880 2172 987 2212 enim
1020 2170 1073 2212 ad
1106 2169 1318 2212 Ciceronis
1348 2168 1511 2209 Aratea
1541 2172 1753 2222 tamquam
1785 2168 1838 2210 ad
1870 2170 1971 2210 artis

233 2241 320 2281 eius
351 2239 611 2286 incunabula,
642 2244 688 2281 ut
717 2240 977 2291 disceremus,
1017 2254 1066 2280 ex
1097 2238 1245 2293 quibus
1276 2238 1402 2279 initiis
1434 2237 1487 2278 ad
1521 2237 1790 2278 »immortalis
1819 2238 1971 2291 ingenii

231 2308 512 2350 beatissimam
556 2309 811 2351 ubertatem«
858 2308 1045 2363 (Quintil.
1079 2308 1123 2348 X
1160 2310 1194 2359 1,
1229 2308 1324 2358 108)
1370 2306 1610 2360 pervenerit.
1679 2305 1973 2348 Condonamus

233 2378 552 2430 adulescentulo,
583 2378 691 2431 quod
723 2392 856 2432 saepe,
897 2377 1061 2419 scholiis
1092 2378 1188 2417 licet
1219 2375 1425 2427 adhibitis,
1464 2376 1703 2429 scriptorem
1734 2389 1880 2429 parum
1914 2375 1972 2415 111-

233 2447 400 2488 tellexit.
460 2446 551 2488 Nec
581 2447 758 2488 facimus
779 2462 869 2488 cum
894 2446 1039 2497 Balbo,
1069 2460 1190 2499 quem
1226 2446 1309 2485 »ita
1339 2444 1571 2485 delectant«
1597 2443 1781 2485 carmina
1801 2443 1973 2495 Aratea,

239 2520 309 2556 »ut
338 2516 469 2557 multa
496 2530 546 2557 ex
577 2517 636 2557 eis
666 2517 863 2557 memoria
878 2534 885 2545 ν
921 2519 1061 2557 teneat
1093 2513 1206 2565 (Nat.
1237 2513 1346 2555 deor.
1370 2512 1418 2553 II
1451 2514 1474 2565 ξ
1499 2514 1605 2565 104).
1665 2511 1800 2552 Immo
1832 2525 1972 2553 verum

235 2599 321 2625 esse
355 2585 469 2626 nobis
490 2585 655 2639 quidem
677 2586 954 2639 persuasimus
989 2584 1251 2638 »plerumque
1282 2582 1335 2623 ad
1363 2582 1589 2623 orationem
1620 2580 1855 2622 faciendam
1886 2595 1972 2622 ver—

234 2669 303 2695 sus
348 2654 566 2696 adiuvare«
617 2653 788 2707 (Fronto
825 2669 916 2708 pag.
949 2656 1001 2694 54
1033 2652 1170 2704 Nau).
1235 2651 1464 2704 »Ideoque«
1513 2676 1565 2680 —
1607 2650 1663 2690 sic
1708 2663 1833 2703 pergo
1879 2663 1970 2691 cum

237 2722 495 2777 Quintiliano
527 2723 575 2764 X
607 2726 643 2775 5,
678 2725 728 2764 16
762 2749 813 2753 -
846 2723 944 2763 1111111
977 2722 1139 2764 videtur
1169 2721 1228 2762 M.
1262 2720 1424 2762 Tullius
1466 2723 1629 2761 tantum
1672 2718 1859 2760 intulisse
1890 2719 1971 2760 elo-

234 2794 426 2846 quentiae
473 2793 627 2844 lumen,
688 2793 796 2846 quod
843 2793 880 2832 111
928 2792 1002 2833 hos
1047 2805 1207 2845 quoque
1253 2789 1479 2830 studiorum
1526 2802 1709 2829 secessus
1753 2787 1970 2829 excurrit«.

240 2860 406 2901 »Sensit
445 2862 553 2901 enim
592 2887 636 2891 ——
671 2865 716 2902 ut
744 2860 846 2902 bene
882 2861 1035 2902 iudicat
1064 2858 1362 2900 B'Ielanchthon
1398 2859 1446 2897 in
1480 2856 1757 2911 Eloquentiae
1787 2856 1971 2897 encomio

235 2937 341 2984 (pag.
362 2931 414 2970 42
448 2930 606 2981 Hartf.)
637 2931 764 2971 sensit
797 2931 962 2983 inquam
996 2928 1140 2971 Cicero
1172 2927 1408 2969 facundiam
1449 2925 1630 2967 versibus
1662 2924 1886 2967 scribendis
1917 2925 1970 2965 ali

235 3014 405 3053 eamque
438 2999 488 3039 ob
519 3014 685 3040 causam
717 3003 759 3040 ct
789 3014 910 3052 saepe
934 2999 1142 3052 scripsisse
1165 3011 1326 3038 carmen
1360 3000 1401 3036 et
1430 2999 1642 3049 poetarum
1671 2993 1971 3048 perstudiosum

355 3151 389 3189 1)
416 3150 565 3185 Norden
593 3150 682 3184 Aen.
711 3160 794 3194 pag.
820 3150 899 3184 290.
