2159 3481
927 172 1208 213 „22-

204 298 447 352 singillatim
478 296 708 347 tractanda,
754 296 867 338 velut
895 309 987 350 pag.
1020 297 1127 340 9994
1165 296 1190 349 ξ
1223 297 1273 337 13
1320 298 1484 338 »omnia
1521 297 1602 338 duo
1640 297 1693 339 ad
1723 297 1942 340 cohaeren-

204 368 303 411 dum
333 400 341 408 .
372 399 381 408 .
413 399 421 408 .
455 367 571 421 quasi
612 365 791 407 nodum
830 365 1183 419 vinculumque
1222 364 1482 406 desiderant«
1532 364 1677 408 Cicero
1713 366 1816 408 duas
1845 366 1942 408 Pla-

204 438 313 479 tonis
344 434 613 477 sententiolas
648 435 691 475 in
730 448 857 476 unam
888 435 1111 485 contraxit3
1157 433 1225 475 ille
1265 434 1375 474 enim
1420 430 1521 476 »δύο
1560 432 1607 476 δὲ
1645 431 1762 487 μόνω
1801 435 1943 485 καλῶς

205 501 495 557 ξυνίστασθαι
525 500 673 558 τρίτου
701 499 832 557 χωρίς
862 498 910 544 οὗ
943 498 1133 544 δυνατόν.
1178 500 1336 555 δεσμὸν
1377 501 1457 557 γὰρ
1497 500 1541 544 ἑν
1582 502 1721 556 μέσωι
1751 502 1817 545 δεῖ
1844 502 1940 545 τινὰ

203 568 373 630 ἀμφοῖν
412 569 652 628 ξυναγωγὸν
691 568 919 626 γίγνεσθαι
964 573 1016 613 31
1031 570 1078 613 C.
1137 570 1329 626 Apparet
1370 570 1611 614 Ciceronem
1650 571 1810 614 duobus
1850 572 1942 614 sub-

205 643 396 685 stantivis
430 641 608 683 »nodum
639 640 952 694 vinculumque«
997 653 1079 681 non
1112 655 1239 681 unum
1271 639 1479 682 Graecum
1509 640 1690 692 reddere,
1729 640 1801 682 sed
1831 655 1943 695 spec—

204 715 293 753 tare
332 715 375 753 et
412 710 466 753 ad
509 704 716 763 »δεσμόν<<
755 731 799 743 =
838 709 1096 750 »vinculum«
1139 713 1181 750 et
1223 709 1276 751 ad
1313 703 1602 764 >>ξυναγωγόν<<
1641 730 1685 743 =
1726 709 1943 752 »nodum«.

204 779 354 834 Itaque
383 793 514 821 unum
544 782 707 820 tantum
729 777 1033 820 substantivum
1062 779 1246 832 sequitur
1279 778 1375 819 »sed
1405 778 1660 820 vinculorum
1697 800 1740 812 =
1776 777 1945 831 δεσμῶν

204 846 252 890 δὲ
282 848 325 890 id
355 852 418 890 est
447 848 705 902 aptissimum
742 850 865 901 atque
895 846 1240 901 pulcherrimum«
1279 868 1323 881 =
1361 841 1602 897 κάλλιστος.
1665 846 1750 889 Sed
1780 862 1852 889 cur
1881 847 1945 889 his

204 918 364 960 duobus
395 918 526 959 utitur
555 913 777 971 epithetis?
836 915 905 957 De
934 915 1014 957 hac
1043 929 1086 957 re
1117 928 1200 957 non
1230 915 1401 968 dubitet,
1443 917 1511 970 qui
1543 917 1805 970 reputaverit,
1847 916 1946 970 quid

205 986 418 1041 significet
459 988 667 1040 »aptum«.
728 983 954 1039 Significat
994 988 1132 1026 autem
1176 989 1344 1039 »aptum
1376 998 1575 1027 conexum
1606 990 1647 1027 et
1677 985 1941 1038 colligatum«

204 1054 408 1110 (Nonius),
443 1053 811 1109 »comprehendere
840 1054 952 1095 enim
981 1053 1143 1095 vinculo
1175 1054 1333 1107 antiqui
1364 1068 1486 1108 apere
1513 1053 1729 1095 dicebant«
1754 1054 1946 1108 (Festus).

204 1124 365 1178 Itaque,
409 1128 457 1166 ut
504 1127 650 1178 »aptus
687 1126 751 1165 est
789 1124 834 1175 is,
877 1123 947 1177 qui
978 1123 1268 1164 convenienter
1298 1122 1421 1164 alicui
1451 1123 1614 1164 iunctus
1651 1127 1737 1165 est«
1782 1122 1947 1177 (Festus

205 1208 234 1235 s.
255 1192 459 1248 v.Apex),
489 1194 549 1235 ita
579 1196 723 1247 aptum
743 1192 952 1234 vinculum
972 1191 1122 1233 dicitur
1152 1191 1204 1243 id,
1235 1205 1315 1246 quo
1346 1192 1636 1233 convenienter
1665 1196 1707 1233 et
1739 1192 1942 1247 »optime«

206 1263 315 1307 9996
355 1284 399 1297 =
434 1258 648 1304 κάλλιστα
679 1259 781 1304 310
810 1275 875 1302 res
906 1262 1014 1302 inter
1043 1274 1086 1302 se
1117 1264 1398 1302 conectuntur.

318 1330 444 1373 Alter
472 1331 587 1372 locus
616 1330 698 1372 huc
726 1330 892 1385 respicit
922 1343 1016 1384 pag.
1050 1331 1206 1374 100626
1243 1331 1267 1383 ἓ
1299 1331 1351 1371 39
1402 1329 1545 1372 »Caeli
1589 1334 1683 1371 satu
1713 1329 1947 1384 Terraeque

205 1404 406 1455 conceptu
444 1403 713 1454 generatos
743 1399 1035 1454 editosque«
1068 1419 1124 1434 =
1154 1397 1384 1455 ἐγενέσθην
1413 1398 1529 1440 4013.
1589 1398 1662 1440 Nil
1693 1403 1829 1453 potest
1860 1413 1948 1441 esse

206 1470 406 1524 apertius:
448 1469 606 1511 scilicet
635 1482 755 1511 suum
786 1469 948 1522 utrique
979 1467 1237 1510 substantivo
1270 1467 1436 1509 verbum
1467 1468 1792 1510 accommodavit
1823 1468 1947 1509 inter-

205 1552 309 1593 pres.
369 1537 537 1580 Tertius
575 1537 752 1591 denique
792 1541 930 1579 exstat
957 1551 1051 1591 pag.
1081 1538 1210 1581 99821
1249 1538 1273 1589 ξ
1307 1537 1358 1577 12
1409 1536 1617 1579 »Rectene
1658 1538 1783 1591 igitur
1820 1552 1948 1579 unum

205 1607 406 1649 mundum
435 1606 626 1658 diximus,
669 1620 722 1647 an
752 1605 835 1648 fuit
863 1605 1004 1660 plures
1043 1609 1117 1647 aut
1157 1605 1478 1647 innumerabiles
1521 1605 1636 1648 dictu
1679 1606 1858 1647 melius
1899 1609 1950 1647 et

205 1674 423 1718 verius?«
462 1697 507 1710 =
547 1671 760 1730 »πότερον
789 1667 864 1716 οὖν
895 1669 1044 1730 ὀρθῶς
1072 1672 1145 1716 ἕνα
1176 1667 1357 1730 οὐρανὸν
1388 1671 1746 1731 προσειρήκαμεν,
1780 1669 1806 1730 ἢ
1837 1674 1948 1716 πολ-

207 1743 310 1795 λοὺς
340 1743 414 1787 καὶ
445 1737 657 1798 ἀπείρους
695 1742 834 1800 λέγειν
874 1736 924 1801 ἦν
956 1739 1212 1798 ὀρθότερονς
1258 1746 1308 1785 31
1324 1743 1379 1785 Α.
1438 1743 1521 1787 Vix
1552 1747 1832 1785 ostentaturus
1860 1747 1949 1785 erat

206 1814 432 1866 Romanus,
477 1813 576 1868 quid
620 1813 764 1867 lingua
803 1814 969 1866 valeret,
1015 1827 1108 1855 cum
1148 1827 1275 1854 unam
1315 1811 1521 1856 Graecam
1562 1826 1702 1855 vocem
1742 1814 1948 1855 trifariam

208 1887 386 1937 streete«
425 1883 636 1935 »melius«,
684 1883 885 1937 »verius«)
925 1882 1116 1925 redderet
1144 1881 1307 1934 Latine,
1338 1882 1410 1924 sed
1439 1886 1606 1937 propter
1635 1882 1716 1924 duo
1748 1881 1951 1923 adiectiva

206 1952 288 1994 duo
334 1967 495 2007 quoque
540 1952 736 1994 adverbia
781 1952 943 1994 videtur
988 1952 1213 1994 admisisse.
1293 1950 1452 1994 Similis
1496 1956 1635 1993 autem
1679 1952 1841 2005 generis
1887 1956 1950 1994 est

206 2036 300 2076 pag.
332 2023 489 2068 100310
526 2023 550 2076 ξ
583 2023 633 2063 27
683 2021 760 2063 »ab
791 2022 946 2075 optimo
984 2025 1027 2063 et
1054 2021 1412 2076 praestantissimo
1443 2021 1628 2074 genitore
1666 2042 1710 2054 =
1745 2015 1839 2061 ὑπὸ
1871 2021 1948 2062 τοῦ

207 2086 409 2145 ἀρίστου<<
455 2093 506 2132 37
522 2091 577 2132 A.
636 2090 900 2133 Praecedunt
940 2091 1049 2132 enim
1087 2091 1130 2131 in
1169 2090 1315 2132 eadem
1346 2091 1553 2131 sententia
1581 2089 1702 2131 haec:
1753 2090 1949 2131 »rationis

207 2161 606 2214 comentionisque«,
655 2160 1023 2214 »sempiternarum
1061 2173 1197 2201 rerum
1238 2163 1281 2201 et
1319 2159 1394 2200 sub
1435 2159 1759 2213 intellegentiam
1800 2158 1947 2200 caden-

207 2229 336 2270 tium«
375 2242 567 2283 »compos
598 2233 641 2271 et
669 2230 915 2284 particeps«.
974 2228 1089 2283 Ergo
1120 2229 1441 2270 concinnitatem
1473 2227 1663 2269 observat
1685 2226 1841 2279 Cicero,
1874 2241 1950 2269 nec

206 2298 304 2352 quia
353 2298 498 2340 »aliter
542 2312 622 2340 non
670 2302 833 2352 posset«
882 2298 1072 2352 exposuit
1114 2312 1242 2339 unum
1284 2296 1493 2339 Graecum
1537 2296 1697 2339 duobus
1741 2295 1949 2337 vocabulis

207 2366 358 2419 latinis,
399 2367 471 2409 sed
512 2368 609 2421 quia
650 2371 695 2408 ut
731 2370 826 2422 apte
857 2367 1044 2408 cadentis
1075 2367 1274 2408 sermonis
1305 2380 1489 2408 summus
1529 2366 1616 2408 fere
1647 2365 1797 2407 artifex
1829 2365 1950 2407 aliter

207 2435 344 2477 nollet.
404 2435 473 2477 De
503 2435 582 2477 hac
611 2450 654 2477 re
685 2436 788 2478 haec
816 2435 1029 2477 hactenus.

321 2503 572 2559 Priusquam
616 2509 754 2546 autem
799 2504 849 2546 de
894 2503 1106 2547 Ciceronis
1152 2503 1334 2546 versibus
1380 2517 1562 2557 agamuS‚
1607 2517 1739 2556 pauca
1784 2507 1947 2544 tantum

206 2573 357 2615 addere
401 2574 524 2615 liceat
567 2574 617 2615 de
663 2575 778 2616 novis
818 2573 1064 2628 quibusdam
1104 2573 1313 2615 vocabulis
1353 2588 1378 2613 a
1421 2571 1619 2614 Cicerone
1661 2571 1836 2613 effectis.
1895 2571 1945 2612 In

207 2641 355 2695 quibus
385 2643 563 2697 primum
594 2642 729 2684 affero
760 2658 851 2697 pag.
886 2644 1020 2687 10089
1058 2646 1081 2695 ξ
1113 2643 1167 2683 44
1217 2656 1332 2683 »cum
1365 2645 1503 2682 autem
1535 2673 1542 2681 .
1575 2673 1582 2681 .
1615 2673 1622 2681 .
1655 2673 1662 2680 .
1694 2641 1746 2682 ad
1778 2655 1949 2695 corpora

207 2715 294 2752 tum
334 2712 558 2753 accessio
600 2716 689 2753 tum
725 2711 978 2753 abscessio
1007 2711 1153 2753 fieret«
1194 2732 1236 2745 =
1273 2706 1455 2763 προσίοι
1488 2742 1496 2749 .
1530 2742 1539 2750 .
1573 2741 1582 2749 .
1617 2741 1625 2749 .
1657 2701 1795 2750 (ἐπίοι
1826 2707 1946 2750 4‘2A.

212 2777 487 2822 »Abscessim
520 2794 670 2822 novum
701 2780 945 2822 vocabulum
976 2785 1049 2832 est,
1080 2780 1188 2834 quod
1219 2793 1301 2821 non
1331 2779 1402 2821 diu
1432 2778 1658 2832 quaerebat
1689 2777 1845 2829 Cicero,
1876 2777 1946 2818 sed

206 2848 316 2902 quod
354 2850 480 2891 totius
522 2849 597 2891 loci
639 2854 789 2891 natura
828 2851 966 2890 animo
1006 2849 1165 2891 obtulit.
1225 2847 1307 2890 Ubi
1340 2848 1449 2889 enim
1489 2847 1567 2889 hoc
1598 2847 1718 2889 modo
1749 2845 1948 2887 vocabula

208 2917 444 2971 iunguntur,
488 2917 665 2960 alterum
706 2919 876 2960 alterius
914 2919 1030 2972 quasi
1071 2932 1221 2973 parens
1250 2919 1370 2969 est1).
1429 2916 1578 2971 Itaque
1610 2915 1769 2958 Seneca
1799 2930 1860 2969 ep.
1894 2917 1945 2956 72

326 3070 359 3112 1)
385 3069 455 3104 Leo
491 3069 693 3104 »Analecta
719 3070 915 3106 Plautina«
949 3070 986 3104 11
1013 3081 1096 3115 pag.
1124 3069 1179 3104 28.
1232 3068 1349 3114 Bogel
1386 3067 1448 3103 »de
1481 3078 1576 3102 nom.
1604 3067 1719 3101 verb-«1
1755 3077 1839 3111 pag.
1867 3065 1944 3100 163.

207 3127 386 3163 Fleckeis.
414 3129 536 3174 suppl.
563 3128 737 3163 XXVIII.
