2159 3481
222 271 341 313 bitis«
390 272 468 311 997
481 290 516 315 21
554 291 607 305 =
642 264 843 324 »ἀγαπᾶν
880 263 984 326 χρή<<
1034 273 1077 311 et
1124 283 1200 311 »ne
1244 268 1344 323 quid
1384 269 1495 311 ultra
1532 269 1774 323 requiratis«
1824 272 1951 316 997„

227 338 415 393 »πρέπει
454 334 604 380 τούτου
642 335 775 394 μηδὲν
816 334 881 379 ἔτι
921 334 1038 392 πέρα
1078 337 1255 394 ζητεῒν<<.
1314 337 1478 380 Deinde
1508 338 1551 378 in
1583 337 1794 380 Ciceronis
1824 339 1958 381 verbis

222 408 347 449 miror
376 407 437 449 bis
466 407 574 449 idem
604 420 691 448 esse
721 420 975 460 expressum3
1016 421 1112 448 nam
1153 421 1213 458 ea,
1254 420 1359 460 quae
1400 407 1687 461 exscripsimus
1733 407 1860 449 »bene
1890 409 1958 462 agi

222 481 377 531 putate,
422 476 457 517 si
497 475 809 517 similitudinem
850 476 933 516 veri
975 479 1249 528 consequatur
1291 475 1390 529 (scil.
1434 476 1604 527 oratio«,
1650 476 1773 530 plane
1815 476 1959 519 eodem

222 549 422 599 spectant,
462 558 542 598 quo
572 558 677 598 quae
708 545 849 585 statim
880 547 1107 597 sequuntur
1139 544 1346 585 »contenti
1377 557 1465 585 esse
1495 543 1708 596 debebitis,
1747 545 1782 586 si
1811 544 1957 599 proba-

222 614 321 654 bilia
349 613 575 655 dicentur«.
634 612 756 653 Haec
772 612 962 666 repetitio
992 611 1087 653 inde
1117 611 1217 652 mihi
1249 616 1340 653 orta
1369 626 1457 654 esse
1478 612 1650 664 videtur,
1679 613 1790 666 quod
1813 612 1958 656 Cicero

221 683 348 723 totius
378 682 456 723 loci
487 681 789 723 enarrationem
819 684 916 721 ante
958 680 1097 721 oculos
1136 679 1292 732 habuit,
1337 695 1462 735 quam
1492 680 1547 722 ad
1576 682 1805 723 versionem
1835 682 1957 725 advo-

221 751 339 792 cavit.
401 749 553 792 Cetera
581 753 720 790 autem
751 748 845 790 inde
875 763 901 790 a
934 747 1166 802 »Quocirca
1195 749 1229 790 si
1258 748 1391 791 forte«
1426 781 1435 790 .
1465 782 1474 790 .
1506 781 1514 790 .
1545 763 1674 804 usque
1713 750 1767 792 ad
1801 752 1957 805 »requi-

222 820 346 860 ratis«
395 833 446 860 ex
486 819 573 872 ipso
603 817 780 858 Platone
817 816 987 858 verbum
1025 816 1113 858 fere
1151 830 1202 858 ex
1239 816 1362 859 verbo
1402 818 1633 870 transtulit3
1678 819 1818 873 itaque
1863 833 1958 862 eum

221 888 330 941 fugit
358 886 558 940 repetitio,
602 899 706 939 quae
737 889 801 927 est
830 886 872 926 in
902 884 1035 927 verbis
1077 885 1204 927 »bene
1234 887 1301 940 agi
1331 889 1499 940 putate«
1546 890 1588 928 et
1629 887 1837 929 »contenti
1867 902 1956 930 esse

226 955 468 998 debebitis«.

335 1023 402 1065 De
433 1023 511 1065 hac
540 1037 583 1065 re
623 1037 698 1064 nos
738 1022 904 1077 quidem
941 1023 1044 1065 haec
1083 1023 1302 1075 hactenus3
1348 1022 1509 1065 sufficit
1537 1024 1647 1065 enim
1675 1026 1959 1078 quaestionem

220 1093 407 1134 movisse.
468 1091 591 1134 Certe
620 1106 703 1133 non
733 1093 986 1143 miraremur,
1023 1093 1057 1133 si
1090 1091 1235 1135 Cicero
1266 1093 1308 1133 in
1338 1092 1534 1134 vertendo
1563 1092 1753 1134 Platonis
1785 1093 1957 1137 Timaeo

225 1162 317 1215 »qui
348 1165 390 1202 et
419 1176 445 1202 a
473 1160 677 1202 veteribus
717 1160 904 1202 difficilis
942 1160 1109 1202 habitus
1138 1165 1224 1203 est«
1269 1160 1455 1203 Chalcid.
1484 1175 1579 1215 pag.
1612 1163 1663 1203 69
1695 1162 1853 1215 Wrob.,
1899 1165 1958 1205 eis

221 1244 318 1271 usus
348 1233 457 1271 esset
487 1229 660 1281 auxiliis,
689 1243 795 1283 quae
824 1229 1045 1271 exstabant
1074 1233 1197 1283 atque
1228 1231 1270 1271 in
1301 1234 1494 1284 promptu
1524 1234 1654 1273 erant.

335 1298 402 1339 De
433 1302 520 1339 arte
541 1299 775 1352 interpretis
805 1297 923 1339 nobis
952 1298 1076 1340 liceat
1104 1298 1260 1352 aliquid
1293 1298 1455 1340 addere.
1516 1297 1695 1341 Constat
1716 1298 1958 1359 Ciceronem

220 1367 332 1408 haud
360 1381 454 1408 raro
485 1366 644 1408 duobus
673 1365 882 1408 vocabulis
911 1366 1138 1409 reddidisse
1169 1382 1296 1409 unum
1325 1366 1544 1410 Graecum.
1603 1367 1670 1410 Ne
1700 1367 1808 1411 forte
1838 1371 1956 1412 mire-

220 1450 323 1487 mur,
357 1450 482 1489 quam
511 1439 553 1477 et
580 1449 702 1489 saepe
733 1439 775 1476 et
803 1449 876 1476 suo
906 1435 1145 1489 plerumque
1176 1437 1262 1478 iure
1292 1435 1372 1478 hac
1400 1437 1559 1479 ratione
1589 1450 1687 1478 usus
1718 1438 1772 1478 sit
1801 1438 1844 1478 in
1876 1442 1956 1480 ter-

221 1505 343 1545 minis
372 1503 677 1558 philosophiciS,
706 1503 924 1545 audiamus
954 1505 1099 1558 ipsum.
1158 1503 1392 1546 Profitetur
1420 1506 1531 1546 enim
1560 1506 1611 1547 de
1640 1505 1732 1547 Fin.
1753 1505 1828 1547 ΙΠ
1858 1508 1882 1560 ἓ
1905 1510 1957 1549 15

225 1572 438 1626 »equidem
476 1572 586 1614 soleo
616 1573 752 1624 etiam,
797 1572 908 1626 quod
945 1587 1027 1614 uno
1059 1572 1222 1626 Graeci,
1267 1575 1301 1615 si
1342 1573 1462 1615 aliter
1502 1587 1586 1616 non
1625 1588 1803 1629 possum,
1848 1575 1956 1617 idem

220 1640 404 1694 pluribus
434 1640 567 1682 verbis
597 1654 839 1695 exponere«.
899 1641 961 1683 Ut
989 1641 1169 1683 afferam
1198 1642 1398 1696 exempla,
1427 1643 1551 1684 vertit
1579 1657 1675 1697 pag.
1699 1644 1826 1688 99816
1862 1645 1954 1697 §11

225 1709 533 1763 »intellegentia
563 1713 605 1751 et
634 1711 764 1751 ratio«
804 1732 848 1744 =
882 1705 1052 1766 νόησις;
1095 1725 1217 1765 quem
1247 1710 1372 1752 Plato
1402 1709 1662 1768 δημιουργόν
1691 1711 1793 1753 dicit
1822 1713 1890 1766 (42
1902 1711 1957 1766 Ε)

220 1777 396 1819 eundem
438 1777 582 1820 Cicero
628 1779 880 1832 »genitorem
919 1783 961 1820 et
1000 1779 1266 1821 effectorem«
1311 1781 1334 1833 ξ
1364 1782 1416 1821 47
1450 1795 1542 1834 pag.
1577 1782 1732 1832 100963
1778 1780 1829 1822 cf.
1872 1786 1956 1822 nat.

221 1846 367 1888 dem-,1
385 1848 436 1888 18
471 1846 687 1901 »opificem
717 1847 1107 1902 aedificatoremque
1137 1848 1281 1890 mundi
1301 1848 1491 1890 Platonis
1520 1849 1572 1891 de
1591 1848 1762 1891 Timaeo
1792 1849 1955 1892 deum«.

223 1914 345 1956 Talia
374 1916 589 1969 permulta.
650 1916 834 1958 Exstant
863 1921 1014 1969 autem,
1048 1932 1154 1971 quae
1183 1918 1321 1959 nescio
1351 1932 1405 1959 an
1435 1932 1529 1959 cum
1558 1917 1698 1960 fructu
1727 1919 1958 1961 accuratius

223 1985 526 2026 examinentur:
572 1985 685 2027 velut
715 1985 821 2028 Tim.
855 1987 878 2039 ξ
911 1987 963 2027 38
995 2001 1087 2040 pag.
1120 1987 1274 2030 100624
1330 1986 1528 2029 »difficile
1564 1986 1681 2029 factu
1710 2001 1736 2028 a
1764 1986 1828 2029 dis
1858 1988 1958 2028 ortis

223 2051 352 2093 fidem
382 2066 464 2094 non
495 2053 646 2095 habere
679 2086 686 2094 .
718 2087 726 2094 .
758 2087 765 2095 .
797 2054 870 2096 sed
899 2087 907 2095 .
939 2087 947 2095 .
979 2087 987 2095 .
1017 2055 1145 2096 veteri
1175 2055 1277 2109 legi
1308 2056 1530 2110 morique
1561 2055 1790 2110 parendum
1821 2060 1884 2097 est
1909 2077 1953 2090 =

222 2123 301 2162 τῶι
329 2119 485 2174 νόμωι
516 2122 774 2165 πιστευτέον
804 2123 921 2165 4οΕ.
984 2122 1154 2165 Sciebat
1191 2125 1393 2178 interpres
1423 2120 1552 2177 νόμον
1590 2138 1680 2166 esse
1716 2128 1759 2166 et
1789 2138 1957 2166 consue-

223 2189 409 2231 tudinem
438 2191 522 2232 sive
550 2205 705 2233 morem
737 2195 779 2233 et
808 2192 951 2246 legem.
1011 2192 1248 2234 Dubitabat
1267 2197 1359 2235 utro
1378 2194 1528 2235 rectius
1557 2193 1636 2235 hoc
1664 2194 1754 2236 loco
1775 2197 1960 2236 uteretur

222 2258 438 2311 vocabulo;
472 2260 610 2314 itaque
630 2264 803 2315 utroque
824 2275 922 2302 usus
943 2265 1017 2303 est.
1066 2261 1198 2303 Plane
1218 2261 1402 2303 eiusdem
1423 2266 1486 2303 est
1506 2263 1668 2316 generis
1688 2277 1781 2317 pag.
1801 2264 1953 2308 100825

228 2341 356 2381 »quae
387 2343 478 2370 cum
510 2330 570 2370 ita
598 2329 866 2383 designasset,
897 2343 1066 2384 seseque
1096 2331 1129 2371 si
1159 2330 1259 2384 quid
1287 2334 1433 2384 postea
1460 2330 1621 2373 fraudis
1650 2336 1724 2373 aut
1752 2332 1837 2372 vitii
1868 2345 1958 2373 eve-

224 2397 366 2449 nisset,
397 2401 514 2439 extra
535 2411 697 2439 omnem
728 2398 921 2452 culpam
951 2412 1250 2452 causamque
1281 2400 1508 2454 posuisset«
1533 2420 1577 2434 =
1599 2398 1669 2441 ἵνα
1699 2402 1773 2456 τῆς
1802 2396 1959 2442 ἔπειτα

225 2461 380 2515 κακίας
418 2462 611 2508 ἑκάστων
649 2462 714 2522 εἴη
755 2461 998 2517 ἀναίτιος
1035 2469 1088 2508 42
1103 2467 1158 2508 D.
1220 2463 1361 2518 αἴτιος
1403 2467 1554 2510 dicitur
1592 2472 1633 2510 et
1660 2469 1730 2522 qui
1765 2469 1807 2509 in
1838 2469 1961 2523 culpa

225 2536 298 2585 est,
339 2538 382 2574 et
410 2538 553 2576 auctor
585 2535 758 2577 alicuius
788 2536 867 2587 rei3
912 2540 1162 2590 quapropter
1201 2533 1325 2578 αἰτία
1364 2540 1501 2591 potest
1530 2550 1618 2578 esse
1649 2538 1781 2591 culpa,
1825 2542 1961 2591 potest

225 2602 350 2642 etiam
371 2616 505 2644 causa.
564 2603 713 2658 Itaque
735 2604 946 2658 interpres,
976 2605 1127 2659 quippe
1147 2606 1216 2659 qui
1238 2608 1346 2647 esset
1364 2605 1407 2645 in
1427 2605 1562 2657 dubio,
1594 2610 1728 2647 utram
1751 2607 1960 2648 notionem

226 2675 505 2724 praeponeret,
535 2676 752 2727 utramque
782 2674 930 2727 posuit.

339 2737 468 2780 Tertii
499 2742 661 2794 generis
694 2742 823 2783 instar
853 2743 907 2783 sit
937 2741 1042 2783 Tim.
1074 2744 1098 2795 ξ
1130 2744 1153 2783 9
1186 2756 1278 2796 pag.
1311 2745 1434 2788 997³,
1489 2757 1594 2784 »non
1635 2743 1960 2797 tranquillum

226 2810 276 2847 et
305 2808 546 2861 quietum,
577 2809 648 2851 sed
680 2810 946 2852 immoderate
978 2812 1228 2864 agitatum
1257 2816 1306 2853 et
1335 2812 1579 2853 fluitans«
1611 2832 1654 2846 =
1681 2807 1756 2863 οὐχ
1786 2805 1961 2868 ἡσυχίαν

227 2869 343 2930 ἷίγον,
389 2871 501 2917 ἀλλὰ
540 2875 786 2931 κινούμενον
818 2878 1083 2935 πλημμελῶς
1121 2878 1194 2921 καὶ
1236 2876 1447 2930 ἀτάκτως.
1490 2881 1543 2921 30
1555 2879 1609 2921 A.
1669 2880 1844 2922 Duobus
1885 2881 1961 2923 hoc

227 2943 315 2985 loco
347 2945 476 2986 utitur
506 2946 725 2999 vocabulis,
770 2951 816 2988 ut
844 2947 1076 2988 satisfaciat
1114 2949 1381 2990 concinnitati
1413 2948 1652 2991 rhetoricae.
1714 2948 1825 2991 Bina
1851 2952 1960 2992 onim

230 3012 335 3053 inter
365 3026 407 3054 se
439 3013 622 3055 membra
652 3014 897 3069 respondere
928 3015 1056 3056 voluit
1098 3017 1388 3070 »tranquillum
1420 3021 1462 3058 et
1491 3017 1698 3070 quietuim
1748 3019 1801 3060 ab
1831 3020 1963 3061 altera

228 3084 355 3134 parte,
391 3082 617 3134 »agitatum
647 3087 689 3123 et
709 3082 905 3124 fluitans«
942 3082 993 3124 ab
1015 3084 1155 3125 altera.
1217 3084 1354 3138 Quam
1375 3085 1575 3126 rationem
1599 3089 1810 3140 nunquam
1831 3088 1961 3139 legem

1609 3164 1657 3199 2·
