2159 3481
937 148 1217 190 -24-

209 277 307 315 sunt
346 287 493 327 pauca,
535 285 642 325 quae
681 272 891 325 praemitti
933 272 1123 314 debeant.
1184 272 1485 316 Contendimus
1515 275 1624 316 enim
1654 290 1778 331 supra
1795 280 1822 330 ¹)
1860 291 1941 319 non

211 342 300 384 sine
340 355 467 383 causa
512 339 759 382 translatum
806 355 893 383 esse
933 341 1150 384 Platonem
1198 357 1222 384 a
1264 342 1476 386 Cicerone.
1549 343 1744 387 Summus
1787 345 1943 387 scilicet

211 410 495 453 Romanorum
528 412 666 451 orator
702 423 783 451 non
823 410 975 451 imitari
1016 414 1190 463 tantum,
1235 425 1375 453 verum
1417 413 1541 454 etiam
1581 413 1778 455 aemulari
1816 414 1943 456 voluit

211 479 401 522 Platonis
432 478 672 531 orationem,
717 478 906 521 Platonis
953 479 1227 534 »singularem
1268 480 1536 522 suavitatem«
1586 481 1651 535 (de
1682 481 1775 523 Div.
1806 482 1829 524 I
1860 483 1941 535 78).

210 548 380 589 Etenim
403 561 566 602 semper
586 546 922 602 philosophorum
953 547 1070 590 illum
1091 547 1214 590 deum
1238 548 1456 591 Platonem
1479 550 1774 603 admirabatur,
1809 551 1940 606 »quod

209 617 251 658 in
283 616 516 659 oratoribus
536 615 754 659 irridendis
784 616 870 671 ipse
901 631 989 659 esse
1011 622 1149 659 orator
1178 632 1364 660 summus
1393 618 1635 661 videbatur«
1670 619 1737 661 De
1758 634 1813 662 or.
1832 619 1854 661 I
1875 621 1942 662 47.

211 684 552 728 Condonabimus
581 685 709 739 igitur
730 684 933 738 Ciceroni,
962 686 1072 740 quod
1103 687 1321 728 materiam
1353 701 1434 729 non
1465 701 1628 742 semper
1657 689 1822 742 penitus
1852 703 1941 743 per-

209 754 360 808 spexit;
391 768 488 796 nam
524 756 597 798 »in
620 754 810 798 Timaeo
828 756 1043 799 Platonis
1073 769 1232 799 rerum
1263 757 1548 811 obscuritaS,
1581 770 1672 801 non
1695 759 1943 801 verborum

209 822 345 877 iacit,
380 826 432 867 ut
462 835 555 867 non
586 823 895 877 intellegatur
927 826 1109 868 oratio«
1155 824 1221 877 (de
1251 824 1342 866 Fin.
1372 824 1421 866 II
1456 825 1533 875 15).
1593 825 1817 868 Praeterea
1859 826 1943 868 noli

209 890 406 944 oblivisci,
437 890 682 934 Ciceronem
713 905 795 933 non
828 905 916 934 esse
946 892 1251 947 philosophum,
1292 893 1363 935 sed
1394 897 1611 946 oratorem,
1642 895 1684 936 id
1715 895 1824 949 quod
1855 895 1943 949 ipse

207 959 436 1014 profitetur,
465 974 559 1002 cum
591 960 692 1002 dicit
725 974 842 1002 »cum
874 960 953 1003 hoc
974 975 1124 1016 genere
1151 961 1448 1016 philosophiae,
1479 964 1590 1017 quod
1621 979 1694 1006 nos
1724 965 1944 1019 sequimur,

208 1043 404 1084 magnam
447 1029 576 1072 habet
619 1034 759 1072 orator
800 1030 1079 1072 societatem«.
1155 1031 1224 1073 De
1263 1030 1370 1073 Fato
1415 1032 1507 1086 §3
1583 1032 1760 1075 Perfecti
1804 1037 1942 1075 autem

207 1098 380 1140 oraton's
419 1103 482 1140 est
526 1112 700 1153 »saepe
742 1099 1097 1142 auctoritatem
1140 1103 1312 1154 petere
1353 1100 1406 1142 ad
1449 1100 1573 1142 fidem
1614 1101 1846 1144 faciendam
1884 1116 1943 1144 ex

206 1166 544 1222 philosophorum
576 1171 618 1209 et
655 1172 919 1222 poetarum
961 1173 1003 1210 et
1031 1168 1318 1211 historicorum
1349 1173 1391 1211 et
1430 1169 1582 1212 dictis
1621 1174 1670 1212 et
1705 1171 1939 1226 scriptis«

208 1235 325 1290 (Top.
358 1236 438 1290 78).
501 1235 757 1278 Testimonia
788 1236 897 1278 enim
931 1263 983 1266 —
1014 1241 1063 1279 ut
1093 1238 1153 1279 ait
1183 1236 1467 1292 Quintilianus
1499 1237 1538 1281 V
1562 1239 1627 1291 11,
1646 1238 1699 1281 37
1732 1265 1783 1269 -
1816 1239 1943 1293 quod-

207 1304 401 1347 ammodo
433 1309 529 1346 sunt
558 1305 829 1359 potentiora«.
888 1305 1039 1360 Itaque
1088 1306 1388 1349 »sententiis
1431 1311 1691 1361 poetarum
1732 1322 1814 1350 non
1854 1322 1943 1351 ora-

207 1373 340 1416 tiones
370 1373 493 1416 modo
533 1377 649 1416 sunt
690 1373 910 1416 refertae
956 1374 1029 1417 sed
1069 1375 1184 1417 libri
1229 1375 1353 1417 etiam
1399 1375 1829 1430 philosophorum,
1874 1378 1944 1432 qui

207 1457 458 1497 quamquam
482 1442 676 1485 inferiora
707 1443 846 1485 omnia
867 1444 1100 1499 praeceptis
1129 1444 1213 1486 suis
1243 1458 1292 1486 ac
1321 1444 1468 1487 litteris
1498 1445 1684 1499 credunt,
1714 1450 1944 1501 repetere

206 1515 348 1553 tamen
378 1512 736 1555 auctoritatem
767 1526 792 1554 a
822 1512 1052 1567 plurimis
1083 1513 1310 1555 versibus
1340 1528 1422 1555 non
1444 1514 1728 1557 fastidierunt«
1754 1515 1944 1570 (Quintil.

208 1580 249 1624 V
281 1581 346 1633 11,
375 1581 456 1635 39).
524 1581 724 1625 Videmus
753 1582 880 1636 igitur
909 1582 1033 1636 plane
1065 1597 1115 1624 ex
1146 1583 1443 1625 consuetudine
1484 1587 1668 1625 veterum
1699 1585 1943 1639 scriptorum

207 1648 306 1701 fieri,
354 1654 401 1691 ut
445 1650 602 1692 »oratio
633 1665 658 1692 a
688 1650 928 1705 disputandi
967 1651 1196 1694 subtilitate
1226 1652 1471 1694 traducatur
1511 1652 1564 1694 ad
1597 1653 1809 1708 exempla«
1858 1653 1943 1697 Cic.

207 1717 329 1760 Tusc.
361 1718 436 1760 III
466 1719 531 1761 56.
592 1718 729 1774 Quam
763 1720 1103 1762 consuetudinem
1134 1721 1245 1763 unde
1276 1722 1483 1776 acceperit
1518 1721 1664 1764 Cicero
1701 1723 1789 1777 ipse
1820 1738 1944 1777 quae-

205 1788 311 1829 renti
343 1788 487 1830 Attico
532 1788 595 1831 his
641 1788 775 1831 verbis
816 1790 985 1844 exponit
1033 1790 1171 1832 »fuisti
1211 1804 1347 1845 saepe,
1394 1805 1486 1832 cum
1527 1791 1708 1833 Athenis
1749 1806 1858 1835 esses
1902 1793 1944 1834 in

206 1856 355 1900 scholis
384 1857 738 1912 philosophorum,
771 1891 779 1900 .
808 1891 816 1900 .
850 1891 858 1900 .
889 1859 1249 1902 auimadvertebas
1287 1860 1413 1914 igitur
1442 1892 1449 1900 .
1482 1892 1489 1901 .
1524 1894 1531 1902 .
1563 1875 1731 1903 versus
1772 1861 1832 1903 ab
1876 1862 1945 1903 eis

205 1924 471 1968 admisceri
517 1927 854 1969 orationi...
888 1960 895 1968 .
956 1927 1077 1970 Philo
1120 1932 1258 1970 noster
1302 1932 1343 1970 et
1383 1930 1491 1971 lecta
1533 1934 1726 1983 poemata
1771 1935 1812 1972 et
1855 1930 1945 1973 loco

205 1994 471 2050 adiungebat.
529 1995 680 2050 Itaque
711 2000 929 2050 postquam
962 1996 1154 2038 adamavi
1185 1997 1294 2039 hanc
1325 1998 1441 2052 quasi
1473 1998 1643 2040 senilem
1675 1999 1943 2041 declamatio-

204 2077 311 2116 nem,
355 2066 565 2109 studiose
599 2066 813 2119 equidem
844 2067 953 2110 utor
984 2068 1161 2111 nostris
1194 2068 1364 2121 poetis,
1412 2068 1493 2111 sed
1527 2069 1677 2112 sicubi
1711 2069 1782 2111 illi
1818 2069 1940 2113 defe-

203 2136 384 2188 cerunt,
419 2135 539 2178 verti
562 2136 711 2178 multa
743 2135 799 2179 de
822 2134 1032 2190 Graecis,
1065 2150 1121 2179 ne
1154 2148 1243 2190 quo
1265 2138 1542 2181 ornamento
1574 2139 1624 2180 in
1655 2138 1744 2181 hoc
1772 2150 1940 2192 genere

205 2203 543 2257 disputationis
590 2206 775 2248 careret
820 2205 970 2248 latina
1013 2206 1192 2250 oratio«
1245 2204 1343 2246 Tus.
1385 2204 1435 2246 II
1475 2205 1540 2248 26.
1617 2206 1941 2249 Animadvertas

202 2269 324 2312 velim
359 2269 603 2314 Ciceronem
634 2271 783 2315 diserte
814 2272 951 2315 dicere
988 2273 1053 2314 »in
1084 2273 1162 2315 hoc
1192 2287 1342 2327 genere
1373 2273 1704 2328 disputationis«.
1767 2274 1838 2316 Ab
1869 2274 1940 2316 illo

202 2342 341 2381 autem
372 2340 553 2382 immane
575 2345 775 2395 quantum
807 2342 935 2384 distat
964 2342 1180 2384 familiaris
1211 2356 1356 2395 sermo,
1385 2343 1520 2397 qualis
1551 2347 1686 2386 exstat
1715 2343 1756 2384 in
1788 2344 1939 2398 epistu-

200 2407 262 2450 lis.
324 2408 375 2450 In
409 2409 467 2451 eis
497 2424 660 2464 quoque
681 2411 897 2465 permultis
927 2411 1027 2454 locis
1058 2426 1197 2453 versus
1218 2410 1458 2464 afferuntur,
1488 2426 1691 2466 nusquam
1715 2416 1939 2455 vertuntur.

201 2475 267 2518 Ne
298 2477 339 2518 in
373 2491 422 2519 ea
453 2478 618 2532 quidem
652 2480 841 2533 epistula,
871 2495 996 2535 quam
1033 2494 1206 2535 »genere
1239 2494 1342 2523 novo
1364 2481 1595 2522 litterarum
1617 2496 1738 2523 usus«
1776 2482 1939 2536 scripsit

201 2545 254 2586 ad
287 2546 509 2589 Caesarem
543 2550 620 2602 (ep.
654 2547 778 2590 XIII
811 2550 889 2602 15),
934 2550 1063 2592 utitur
1099 2549 1283 2592 versibus
1323 2550 1450 2591 latine
1481 2551 1691 2604 expressis,
1736 2550 1808 2592 sed
1838 2551 1938 2605 ipsis

199 2614 447 2658 Homericis.
509 2616 674 2659 Deinde
696 2618 1002 2660 animadvertas
1025 2619 1269 2662 Ciceronem
1301 2618 1436 2660 dicere
1474 2633 1549 2660 »ne
1581 2634 1662 2673 quo
1694 2623 1936 2662 ornamento

199 2688 358 2726 careret
397 2686 547 2729 latina
586 2687 756 2728 oratio«.
825 2687 876 2728 Id
917 2688 1024 2729 enim
1067 2702 1191 2741 quam
1232 2687 1409 2729 maxime
1450 2687 1526 2729 sibi
1567 2693 1847 2742 proposuerat,
1892 2693 1938 2731 ut

200 2752 386 2796 Graecas
430 2755 589 2797 litteras
630 2756 765 2810 patrio
809 2771 995 2798 sermone
1037 2757 1120 2799 suis
1166 2756 1322 2798 civibus
1367 2758 1595 2798 mandaret.
1672 2757 1937 2812 Quapropter

199 2821 322 2862 etiam
363 2822 618 2865 Graecorum
659 2829 874 2879 poetarum
919 2840 1060 2868 versus
1099 2829 1171 2867 aut
1210 2829 1378 2877 vertero,
1422 2830 1495 2867 aut
1535 2827 1702 2868 omnino
1747 2826 1934 2868 omittere

198 2889 387 2932 debebat.
448 2892 587 2945 Adde,
632 2893 742 2948 quod
789 2895 944 2937 »omnis
975 2894 1168 2949 loquendi
1210 2894 1418 2949 elegantia
1448 2910 1699 2949 quamquam
1731 2895 1935 2949 expolitur

197 2958 369 3001 scicntia
408 2960 651 3016 litterarum,
695 2967 833 3006 tamen
875 2968 1051 3019 augetur
1093 2963 1277 3018 legendis
1316 2963 1545 3007 oratoribus
1587 2968 1628 3006 et
1666 2964 1817 3019 poetis«
1867 2964 1933 3017 (de

318 3099 351 3140 1)
380 3111 463 3145 pag.
491 3100 535 3136 12
563 3101 596 3137 h.
625 3113 655 3138 0.
