2159 3481
969 145 1250 185 —35-

247 268 395 315 »3321
409 286 462 313 ον
501 269 684 324 (lauaem
727 270 878 311 scimus
916 269 1026 310 enim
1064 271 1127 308 tot
1156 265 1339 308 versibus
1377 264 1647 319 perlustratis,
1689 264 1818 305 solere
1848 264 1971 304 inter-

242 346 399 397 pretem
443 341 689 395 praecipere,
734 352 839 392 quae
882 342 1026 392 postea
1070 336 1236 378 omittat
1249 336 1288 389 1).
1356 333 1505 387 Itaque
1547 332 1643 374 huic
1685 332 1818 374 versui
1863 327 1971 383 ἰδού,

242 411 428 461 θεᾶσθε,
474 407 636 458 πάντες
677 401 840 449 ἄθλιον
878 406 1051 460 ὃέμας<<,
1095 403 1317 459 respondet
1355 402 1466 457 apud
1512 400 1751 444 Ciceronem
1796 399 1972 443 »Videte

241 481 390 531 cuncti,
419 484 545 533 tuque
571 477 795 519 caelestum
825 480 976 517 sator«.
1034 474 1166 516 Plane
1187 472 1370 515 eiusdem
1399 472 1561 526 generis
1591 474 1654 512 est
1683 484 1822 511 versus
1856 469 1971 510 »Iam

241 563 406 592 cernam
435 560 554 589 mene
584 561 637 587 an
668 546 782 587 illam
811 545 1011 599 potiorem
1042 547 1186 598 putes«
1222 541 1365 596 Soph.:
1411 536 1474 582 »εἰ
1503 535 1661 593 τούμόν
1691 534 1836 594 ἀλγεῖς
1865 537 1972 592 μᾶλ-

241 618 337 661 stov«
373 616 464 660 κτλ.
496 616 617 657 1068.
675 613 832 657 Versus
862 613 1047 655 clausula
1081 612 1351 666 »potiorem
1382 614 1550 665 putes«
1584 608 1803 662 desumpta
1831 611 1894 648 est
1923 621 1973 648 ex

242 686 368 742 Soph.
408 686 583 727 v.1065
634 682 738 726 »καὶ
778 678 838 740 μὴ
884 680 933 724 τὸ
979 678 1142 739 μητρὸς
1185 675 1319 734 ὄνομα
1363 675 1720 735 πρεσβεύσηις
1764 674 1972 718 πλέον<<.

241 756 353 811 Quin
384 756 509 797 etiam
540 753 876 795 allitterationem
906 766 946 793 π
977 784 985 792 .
1016 783 1024 792 .
1055 783 1063 791 .
1095 765 1135 792 π
1164 751 1350 791 imitatur
1366 747 1528 791 Cicero:
1563 747 1771 804 potiorem
1803 749 1971 803 putes«.

241 826 335 880 Quo
376 828 515 866 autem
553 823 756 877 pertinere
795 820 1032 875 putabimus
1074 821 1407 871 »evisceratum«,
1452 814 1759 859 »laceratum‹<‘?
1822 814 1973 857 Nonne

240 894 293 936 ad
323 889 518 950 λωβητόν
558 885 672 940 εἶδος
716 906 750 931 v.
785 887 923 932 1069?
982 889 1142 930 Dubito
1182 903 1281 930 num
1320 892 1429 930 reete
1460 887 1731 929 iudicaverint
1759 884 1974 928 Nauckius

239 967 281 1004 et
311 961 570 1012 Dindorfius,
616 960 686 1014 qui
717 959 891 1001 adnotat
937 957 1070 999 »hunc
1100 971 1261 998 versum
1301 960 1375 998 aut
1412 969 1495 997 non
1533 955 1645 1009 legit,
1686 958 1759 996 aut
1788 954 1974 996 consulto

239 1031 377 1072 omisit
399 1029 583 1073 Cicero«.
645 1028 847 1071 Consulto
877 1027 1015 1068 omisit
1045 1042 1080 1069 v.
1106 1027 1227 1078 1073,
1258 1025 1299 1067 id
1329 1025 1438 1079 quod
1469 1024 1655 1077 vidimus,
1685 1038 1757 1066 cur
1787 1025 1974 1066 consulto

239 1101 421 1141 omiserit
458 1114 492 1139 v.
527 1099 633 1140 1069
675 1097 863 1151 equidem
903 1110 985 1138 non
1004 1095 1153 1137 'videa
1212 1094 1285 1136 An
1324 1094 1504 1148 respexit
1535 1092 1680 1136 Cicero
1719 1093 1772 1135 ad
1813 1107 1973 1136 versum

238 1170 458 1224 septimum
493 1180 654 1208 »morsu
686 1167 842 1208 lacerat
871 1166 1066 1217 viscera«,
1097 1178 1177 1218 quo
1209 1163 1511 1205 substantivum
1546 1176 1768 1204 »morsu«
1804 1163 1858 1205 ad
1887 1178 1973 1205 ver-

237 1239 334 1280 bum
365 1253 402 1292 q.
435 1252 468 1278 e.
499 1237 726 1290 βέβρωκε
756 1235 961 1290 pertinere
992 1248 1118 1288 supra
1146 1234 1381 1275 notavimus
1394 1234 1435 1287 Β).
1494 1231 1656 1274 Eodem
1687 1232 1865 1274 artificio
1895 1234 1973 1274 uti-

237 1313 305 1349 tur
336 1308 535 1360 interpres
566 1304 644 1346 hoc
674 1318 792 1345 versu
827 1317 960 1345 »nunc
999 1303 1127 1356 serpit
1166 1301 1352 1344 ardor«.
1412 1300 1668 1344 Obversatur
1698 1301 1806 1342 enim
1837 1302 1973 1342 animo

238 1373 480 1430 ἔθαλψεν
510 1389 561 1416 ex
590 1388 709 1415 versu
734 1374 853 1425 1082,
884 1372 994 1427 quod
1025 1372 1253 1426 explicatur
1283 1385 1308 1412 a
1338 1370 1561 1412 scholiasta
1595 1368 1969 1426 >>ἕξεπύρωσεν<<

237 1447 288 1487 cf.
322 1444 574 1487 Se11.Herc.
607 1442 700 1485 Oet.
734 1443 842 1484 1278
893 1441 1089 1483 »incaluit
1133 1440 1325 1482 ardor«.
1398 1439 1507 1481 Item
1552 1453 1670 1481 versu
1714 1439 1974 1482 antecedenti

242 1513 452 1555 »dolorum
484 1511 659 1552 anxiferi
700 1514 893 1564 torquent
933 1511 1170 1552 vertices«
1218 1508 1474 1550 substantivo
1505 1523 1541 1563 q.
1572 1523 1608 1550 e.
1652 1509 1872 1550 »vertices«
1907 1523 1973 1550 ex·

237 1582 386 1636 pressit
426 1580 593 1622 verbum
644 1574 956 1636 >>ἤνθηκεν<<·
1000 1575 1222 1636 ἤκμασεν
1268 1578 1391 1620 schol.
1426 1578 1547 1620 1089.
1608 1577 1704 1630 Hic,
1748 1577 1817 1619 ubi
1848 1579 1976 1621 eiulat

237 1650 442 1692 Hercules
474 1664 676 1703 nusquam
709 1648 855 1690 Cicero
896 1649 1018 1690 vertit
1057 1662 1132 1690 nec
1171 1647 1339 1689 verbum
1378 1661 1428 1689 ex
1466 1646 1588 1688 verbo
1629 1660 1704 1688 nec
1734 1662 1895 1689 versum
1925 1662 1975 1689 ex

236 1734 366 1761 versu.
425 1718 516 1760 Nec
555 1719 763 1770 miramur,
807 1718 1002 1771 quoniam
1044 1717 1194 1759 scimus
1233 1731 1315 1771 qua
1354 1717 1512 1758 ratione
1552 1716 1735 1758 vertendi
1775 1731 1872 1759 usus
1908 1718 1972 1760 sit.

237 1789 420 1842 Pei-legit
464 1792 597 1829 totum
642 1788 776 1829 locum
807 1789 971 1841 suisque
1002 1786 1134 1827 verbis
1165 1786 1427 1840 versibusque
1456 1800 1507 1827 ex
1536 1786 1733 1828 memoria
1748 1790 1777 1839 3)
1813 1786 1974 1829 Hercu-

236 1858 286 1898 lis
326 1857 487 1898 dolores
530 1856 745 1910 descripsit
784 1857 966 1897 imitator
1003 1856 1134 1909 magis
1173 1869 1297 1909 quam
1338 1856 1548 1909 interpres.
1607 1854 1800 1897 Imitator
1837 1860 1974 1898 autem

237 1940 361 1979 quam
392 1926 570 1966 maxime
601 1939 689 1966 esse
720 1925 847 1966 voluit
884 1926 925 1965 in
957 1925 1266 1966 enumeratione
1308 1923 1493 1965 laborum
1534 1923 1628 1965 inde
1660 1938 1686 1965 a
1715 1939 1833 1966 versu
1866 1927 1973 1968 1089

240 1995 418 2035 -1100,
481 1993 563 2048 Qui
605 1994 795 2035 undecim
834 2008 973 2035 versus
1013 1994 1123 2047 apud
1156 1992 1402 2047 Sophoclem
1441 2007 1522 2034 uno
1561 1992 1683 2035 verbo
1714 1995 1976 2036 continentur

240 2059 360 2115 ὑμεῖς
394 2095 619 2103 ......
650 2059 727 2117 βία
757 2060 1107 2118 κατειργάσασθε
1152 2063 1271 2104 1094.
1331 2062 1476 2104 Habes
1508 2063 1633 2116 igitur
1663 2076 1754 2104 eam
1784 2062 1975 2117 figuram,

236 2146 360 2185 quam
402 2132 585 2173 rhetores
624 2131 767 2173 dicunt
807 2128 1114 2186 ἑπεζευγμένον
1159 2132 1224 2172 »in
1265 2146 1348 2186 qua
1388 2146 1516 2173 unum
1556 2131 1609 2172 ad
1639 2131 1807 2173 verbum
1839 2132 1975 2185 plures

238 2202 467 2242 sententiae
499 2201 743 2253 referuntur,
779 2215 952 2254 quarum
984 2214 1255 2254 unaquaeque
1285 2200 1538 2242 desideraret
1569 2200 1681 2253 illud,
1725 2201 1756 2241 si
1789 2201 1878 2242 sola
1905 2214 1974 2254 po-

236 2273 402 2310 neretur
433 2302 440 2310 .
473 2302 481 2310 .
514 2301 521 2310 .
552 2270 732 2311 medium
764 2283 924 2324 quoque
956 2274 1092 2323 potest
1122 2284 1221 2321 esse,
1258 2269 1367 2323 quod
1398 2273 1440 2310 et
1469 2268 1671 2323 prioribus
1701 2273 1742 2310 et
1772 2270 1975 2323 sequenti-

239 2337 312 2379 }›us
343 2338 568 2380 sufficiat«.
602 2337 775 2392 Quintil.
800 2338 875 2379 IX
906 2342 943 2391 3,
976 2340 1039 2379 6⁴2.
1100 2338 1243 2392 Longe
1275 2339 1395 2379 aliter
1424 2338 1533 2392 apud
1566 2337 1807 2380 Ciceronem
1837 2351 1902 2379 res
1933 2352 1975 2379 se

238 2406 372 2448 habet.
431 2408 475 2449 Is
505 2409 614 2449 enim
644 2408 932 2449 disiunctionis
973 2408 1110 2461 figura
1146 2409 1286 2459 utitur,
1329 2422 1452 2461 quam
1492 2407 1635 2449 dicunt
1676 2404 1975 2462 διεζευγμένον.

240 2474 422 2529 Adspice
453 2481 611 2530 quanta
642 2478 694 2517 sit
726 2474 947 2518 ποικιλίας

358 2544 586 2587 »Vestrone
626 2559 767 2598 pressu
807 2545 1014 2598 quondam
1047 2544 1280 2586 Nemeaeus
1321 2545 1382 2585 leo
1424 2543 1638 2585 Frendens
1679 2543 1844 2585 efflavit
1883 2557 1974 2598 gra-

238 2614 341 2654 viter
372 2618 599 2655 extremum
632 2614 806 2655 halitum
837 2614 957 2655 Haec
987 2614 1133 2655 dextra
1165 2646 1172 2654 .
1205 2646 1212 2653 .
1245 2645 1252 2652 .
1283 2613 1481 2667 pacavit
1512 2645 1519 2652 .
1552 2645 1559 2652 .
1592 2645 1599 2652 .
1630 2612 1731 2654 haec
1768 2612 1976 2654 adflixit

278 2714 284 2721 .
319 2715 325 2721 .
359 2714 366 2722 .
398 2715 406 2722 .
438 2716 445 2723 .
479 2683 581 2724 haec
611 2682 918 2724 abiecit...
952 2683 1052 2723 haec
1092 2682 1303 2723 eduxit.
1337 2714 1344 2721 .
1378 2714 1385 2721 .
1417 2713 1425 2721 .
1456 2681 1558 2722 haec
1600 2682 1974 2723 interemit...

352 2752 471 2804 Quae
503 2758 567 2793 est
597 2752 722 2805 igitur
741 2750 1011 2793 differentia?
1071 2750 1296 2805 Sophocles
1317 2754 1541 2802 enumerat,
1574 2749 1671 2804 quid
1703 2749 1848 2791 fecerit
1866 2749 1974 2790 Her-

238 2819 359 2871 cules,
407 2819 551 2861 Cicero
591 2820 784 2862 describit
823 2824 1033 2874 tamquam
1074 2820 1216 2873 pictor,
1260 2818 1463 2872 quomodo
1502 2818 1657 2859 fecerit.
1716 2817 1816 2872 Ipsa
1853 2817 1976 2871 igitur

239 2901 372 2928 rernm
404 2888 642 2929 discrimina
671 2888 722 2929 ob
753 2889 890 2930 oculos
922 2889 1048 2942 ponit,
1093 2887 1191 2941 quid
1222 2891 1268 2929 ut
1298 2886 1571 2940 assequatur?
1632 2885 1692 2927 Ut
1721 2889 1976 2926 commoveat

237 2956 405 2996 animos.
470 2957 532 2997 De
564 2958 712 2998 animis
742 2962 878 2998 autem
919 2971 991 3011 per
1030 2957 1204 2997 visiones
1235 2954 1538 2997 commovendis
1570 2953 1853 3009 Quintilianus
1883 2968 1975 2995 cum

359 3108 392 3151 1)
419 3110 462 3141 cf.
493 3120 577 3153 pag.
606 3110 662 3145 33.
837 3111 871 3154 2)
899 3112 944 3145 cf.
973 3122 1056 3156 pag.
1081 3111 1137 3146 33.
1313 3105 1349 3150 3)
1375 3106 1420 3141 Cs-
1449 3116 1532 3151 pag·
1557 3105 1616 3141 34·
