2159 3481
955 155 1231 196 „25-

226 298 280 326 or.
312 283 386 324 III
416 283 497 334 39).
560 279 719 334 Quodsi
750 282 925 333 augetur
954 278 1142 332 legendo,
1187 282 1342 332 quanto
1375 278 1515 332 magis
1544 277 1760 320 vertendo!
1822 277 1951 319 Deni-

226 366 304 406 que
354 365 538 392 »summa
583 349 673 390 laus
718 348 976 401 eloquentiae
1022 351 1082 389 est
1126 346 1379 401 amplificare
1424 361 1510 388 rem
1555 346 1791 397 ornando«,
1846 360 1952 399 quae

229 419 520 474 »amplificatio
551 418 773 472 plurimum
804 420 939 470 potest
970 431 1063 457 cum
1095 416 1350 457 concitamus
1371 416 1555 457 animos«
1590 415 1656 468 (de
1675 429 1732 457 or.
1753 414 1820 457 IV
1843 414 1950 466 104).

229 482 387 538 Πόθος
425 491 564 529 autem
597 511 646 516 ——
680 485 731 526 de
762 499 810 527 eo
841 485 949 525 enim
990 484 1068 525 hoc
1106 484 1195 526 loco
1227 484 1365 538 agitur
1394 509 1446 513 -—
1477 482 1632 533 πάθος
1669 483 1779 524 unde
1819 482 1952 536 magis

224 556 404 609 discitur,
444 569 567 610 quam
600 569 650 596 ex
678 553 828 595 fabulis
857 551 1138 607 tragicorum?
1196 553 1248 594 In
1279 552 1476 594 Herculis
1514 551 1735 603 laboribus,
1777 551 1819 592 in
1850 550 1951 592 Pro·

223 625 376 666 methei
406 623 625 675 doloribus,
670 636 806 664 nonne
843 635 1006 663 omnem
1047 621 1163 663 licuit
1191 621 1404 675 interpreti
1448 634 1686 675 expromere
1716 619 1879 661 dicendi
1911 622 1952 660 et

223 693 316 745 vim,
358 697 399 734 et
428 689 705 747 gravitatem?
763 690 854 732 Nec
884 690 1030 742 minus,
1070 693 1116 731 ut
1146 690 1302 743 opinor,
1333 689 1469 731 Ulixis
1498 689 1573 730 illa
1602 689 1738 730 contio
1769 688 1821 741 (Β
1853 688 1950 740 299)

223 766 322 816 apta
351 762 441 813 fuit,
469 763 512 802 in
543 775 624 814 qua
646 759 880 802 ostenderet
900 759 1094 811 imitator,
1125 758 1225 812 quid
1243 759 1330 813 ipse
1351 758 1507 800 valeret
1528 757 1714 800 dicendo.
1778 755 1950 810 »Neque

223 831 330 872 enim
370 830 453 871 iam
484 828 641 870 Troicis
678 827 932 882 temporibus
972 829 1158 871 tantum
1197 828 1352 871 laudis
1385 828 1435 870 in
1466 827 1663 870 dicendo
1694 826 1831 870 Ulixi
1860 825 1947 868 tri-

223 901 404 943 buisset
446 899 678 942 Homerus
724 900 765 938 et
808 895 994 949 Nestori,
1043 910 1217 950 quorum
1263 896 1439 938 alterum
1484 895 1566 936 vim
1611 894 1764 936 habere
1810 892 1951 944 voluit,

222 967 397 1008 alterum
428 966 685 1017 suavitatem,
729 965 806 1006 11131
847 965 928 1006 iam
961 969 1048 1006 tum
1081 968 1189 1007 esset
1218 964 1348 1006 honos
1378 963 1657 1018 eloquentiae,
1701 976 1834 1016 neque
1863 961 1950 1015 ipse

220 1039 343 1090 poeta
371 1035 439 1076 hic
469 1068 476 1076 .
508 1068 516 1075 .
548 1068 555 1075 .
588 1067 596 1075 .
627 1038 795 1076 ornatus
834 1034 876 1075 in
908 1033 1082 1076 dicendo
1122 1047 1175 1078 ac
1206 1035 1343 1090 plane
1374 1035 1541 1077 orator
1576 1031 1743 1074 fuisset«
1778 1030 1950 1083 (Brutus

221 1106 245 1158 ξ
276 1104 357 1158 40).
417 1104 560 1157 Atque
591 1103 642 1144 de
680 1103 760 1144 hac
789 1103 956 1157 quidem
987 1103 1177 1144 contione
1215 1116 1289 1144 1103
1328 1103 1467 1144 statim
1507 1100 1827 1156 disputabimus3
1871 1099 1950 1140 hoc

219 1176 380 1214 tantum
411 1172 563 1214 addere
594 1172 717 1213 liceat
747 1186 821 1214 nos
851 1186 1060 1226 quaerere,
1104 1186 1186 1225 qua
1227 1175 1335 1213 arte
1367 1170 1513 1214 Cicero
1552 1173 1736 1225 poetas
1773 1167 1949 1209 verterit.

224 1241 411 1283 »Poetis«
451 1245 589 1283 autem
632 1242 843 1295 »proxima
874 1242 1065 1295 cognatio
1096 1245 1156 1283 est
1187 1255 1279 1283 cum
1312 1239 1565 1282 oratoribus«
1611 1238 1663 1280 de
1693 1253 1749 1280 or.
1779 1237 1854 1278 III
1883 1236 1950 1277 27.

218 1310 368 1364 Itaque
398 1310 453 1352 ad
485 1310 727 1354 Ciceronem
766 1310 882 1352 nobis
920 1324 1001 1351 non
1034 1314 1119 1351 tam
1161 1309 1443 1351 accedendum
1484 1309 1571 1361 erit,
1609 1312 1656 1349 ut
1686 1307 1740 1348 ad.
1769 1309 1948 1360 poetam,

218 1394 343 1433 quam
373 1383 420 1421 ut
449 1379 502 1420 ad
533 1383 748 1421 oratorem.
808 1379 876 1420 De
908 1382 995 1421 arte
1027 1382 1165 1420 autem
1196 1379 1380 1420 iudicare
1410 1392 1490 1420 non
1524 1391 1752 1432 possumus,
1789 1374 1867 1416 nisi
1899 1388 1949 1415 ex

218 1451 413 1490 accurata
445 1448 623 1490 cuiusvis
652 1447 736 1489 fere
766 1462 906 1490 versus
935 1447 1286 1502 interpretatione,
1328 1461 1379 1489 ex
1418 1461 1501 1501 qua
1531 1445 1824 1500 cognoscimus,
1866 1457 1948 1496 qua

216 1516 399 1570 quidque
419 1516 578 1558 ratione
609 1516 661 1558 ab
692 1516 915 1571 interprete
945 1517 999 1558 sit
1028 1517 1195 1558 dictum.
1256 1516 1309 1557 In
1331 1516 1410 1557 hac
1432 1516 1542 1557 enim
1575 1529 1618 1556 re
1649 1513 1750 1555 mihi
1767 1512 1946 1554 maxime

215 1584 403 1639 displicet
434 1584 656 1638 Clavelius,
696 1585 766 1639 qui
798 1585 895 1627 olim
926 1585 1103 1627 scribere
1134 1600 1257 1627 ausus
1288 1588 1351 1627 est
1385 1584 1460 1626 »de
1492 1583 1693 1627 Cicerone
1722 1583 1946 1635 interprete

216 1652 511 1696 Graecorum«.
569 1653 687 1695 Nihil
726 1654 795 1696 ille
836 1668 910 1696 nos
949 1654 1081 1707 docet,
1127 1654 1230 1695 nihil
1270 1654 1321 1696 de
1352 1653 1541 1705 Platone,
1583 1652 1634 1694 de
1665 1651 1801 1692 Arato
1832 1649 1945 1702 nihil,

213 1722 315 1763 nihil
356 1722 407 1764 de
448 1723 603 1764 ceteris.
662 1722 894 1777 Exscripsit
932 1726 1064 1765 totum
1097 1722 1329 1776 Timaeum,
1372 1726 1505 1764 totum
1544 1722 1738 1773 Aratum,
1781 1719 1945 1772 utrique

215 1791 425 1834 Ciceronis
467 1791 696 1833 versionem
728 1791 962 1846 adscripsit,
1006 1792 1124 1846 quasi
1168 1806 1251 1833 non
1295 1794 1506 1834 exstarent
1550 1789 1762 1832 editiones.
1835 1787 1943 1829 Item

212 1860 416 1914 congessit
445 1859 622 1902 Homeri
653 1860 764 1902 locos
795 1875 819 1902 a
848 1860 1048 1903 Cicerone
1077 1861 1261 1913 tralatos,
1292 1861 1343 1902 de
1373 1860 1522 1915 quibus
1552 1873 1645 1901 cum
1677 1858 1759 1900 alia
1789 1858 1946 1912 profert

211 1932 298 1969 tum
344 1928 464 1970 haec:
515 1928 645 1983 »Quis
681 1929 848 1983 propius
887 1930 1145 1984 aequavisset
1185 1930 1341 1972 clarum
1383 1929 1487 1971 illud
1517 1927 1694 1970 Homeri
1734 1940 1783 1968 ac
1822 1926 1944 1967 breve

212 1996 377 2038 dicendi
408 2011 549 2051 genus,
587 1997 726 2052 lepore
758 1998 883 2039 etiam
913 1998 1226 2052 plenissimum?
1287 1998 1391 2053 Quis
1422 1998 1528 2039 alius
1559 1996 1772 2047 effecisset,
1808 1998 1855 2036 ut
1882 1994 1942 2035 illi

210 2064 395 2119 picturae
434 2066 587 2108 rediret
626 2066 737 2108 color
775 2071 815 2108 et
853 2066 1051 2121 sanguis?
1108 2067 1178 2109 Ita
1208 2072 1356 2122 poetae
1387 2067 1528 2121 magni
1559 2080 1583 2107 a
1623 2064 1785 2118 magnis
1816 2064 1942 2105 vitam

209 2134 475 2188 resumunt(!)
518 2135 833 2177 imitatoribus«.
892 2135 1001 2178 Nolo
1044 2151 1226 2191 pergere.
1288 2136 1392 2191 Quis
1433 2136 1541 2178 enim
1586 2138 1659 2186 est,
1702 2133 1771 2187 qui
1814 2132 1941 2173 risum

207 2206 347 2244 teneat
369 2204 410 2244 in
431 2204 501 2256 eis,
531 2218 637 2257 quae
658 2218 754 2246 mox
772 2208 987 2258 sequntur:
1022 2205 1222 2259 »grandia
1244 2210 1383 2247 tamen
1405 2204 1540 2246 tenuis
1564 2207 1738 2245 conatur
1755 2201 1941 2244 Cicero«.

206 2271 444 2314 Palmatum
489 2272 615 2326 igitur
659 2276 701 2314 et
745 2273 918 2328 colapho
948 2288 1188 2328 percussum
1221 2274 1431 2318 Clavelius
1460 2274 1726 2327 interpretem
1775 2268 1941 2320 dimisit,

206 2354 328 2394 quem
359 2340 482 2383 modo
512 2340 653 2396 palma
683 2355 925 2396 summaque
955 2343 1079 2385 laude
1110 2343 1282 2398 dignum
1314 2346 1543 2398 putaverat.

205 2502 270 2546 De
293 2503 513 2547 Cicerone
534 2506 797 2560 interprete
821 2506 1038 2550 Homeri:
1072 2508 1111 2550 B
1135 2506 1236 2551 299
1250 2521 1320 2561 sq.
1344 2529 1388 2542 =
1411 2508 1640 2563 (leJDivin.
1663 2510 1714 2552 ΙΙ
1739 2508 1770 2562 ξ
1790 2508 1854 2551 63
1866 2522 1936 2561 sq.

318 2616 471 2671 Incipit
504 2618 663 2671 »Ferte,
693 2620 767 2662 viri
798 2624 840 2662 et
871 2621 994 2663 duros
1026 2622 1165 2664 animo
1187 2622 1358 2665 tolerate
1378 2623 1579 2666 labores«.
1642 2624 1789 2665 Habes
1820 2622 1937 2676 quasi

203 2684 413 2737 quandam
460 2684 726 2742 παραίνεσιν.
798 2689 1075 2732 Contionatur
1117 2692 1226 2732 enim
1274 2692 1357 2733 dux
1402 2693 1514 2746 apud
1558 2693 1744 2734 cohortos
1789 2690 1937 2732 militia,

202 2753 342 2794 fessas.
402 2753 543 2797 Duces
573 2759 724 2809 autem,
763 2759 832 2811 qui
865 2758 1014 2801 milites
1044 2759 1273 2812 hortantur,
1311 2765 1356 2802 ut
1389 2761 1514 2802 tinnis
1544 2762 1626 2803 sint
1655 2760 1816 2811 animis,
1853 2773 1933 2800 non

201 2819 425 2874 loquuntur
463 2825 509 2863 ut
550 2823 603 2864 ad
648 2826 846 2867 »amicos«
882 2826 1023 2881 (τλῆτε
1052 2825 1203 2882 φίλοι),
1248 2829 1319 2870 sed
1364 2843 1475 2870 moro
1516 2829 1681 2870 militari
1723 2828 1775 2870 ad
1817 2828 1934 2868 viros.

203 2887 297 2941 Quo
328 2890 492 2931 nominc
523 2892 592 2944 qui
623 2892 737 2946 digni
768 2898 977 2948 putantur,
1019 2909 1087 2937 eos
1117 2896 1236 2938 dccet
1271 2897 1422 2938 »fortes
1453 2898 1928 2951 magnanimosque«x

201 2955 319 3008 (offic.
354 2957 377 2999 I
408 2958 477 3011 63)
509 2972 609 3001 esse.
672 2960 814 3015 Pergit
843 2963 968 3015 igitur
998 2967 1135 3005 orator
1177 2965 1356 3006 »duros
1397 2966 1562 3007 animo
1592 2966 1763 3007 tolerato
1795 2965 1931 3005 lubo-

200 3038 320 3066 res«.
382 3026 558 3069 Constat
596 3029 705 3070 enim
746 3030 852 3072 inter
891 3045 1034 3073 omnes
1078 3034 1279 3074 »virorum
1322 3048 1409 3076 osse
1446 3035 1613 3076 fortium
1645 3039 1687 3075 ot
1715 3033 1930 3086 magnani-

200 3107 357 3136 morum
398 3095 623 3139 toleranter
668 3097 848 3141 dolorem
889 3100 998 3156 pati«
1049 3100 1145 3144 Tus.
1177 3100 1321 3145 1143.
1381 3102 1599 3146 Fortitudo
1638 3106 1790 3155 autem,
1832 3099 1930 3156 quid
