2159 3481
953 145 1234 185 -18-

223 269 456 321 rantiam,
491 281 598 322 quae
627 271 692 309 est
721 282 746 309 a
774 271 865 309 tota
892 271 1031 310 mente
1061 271 1104 310 et
1132 283 1159 310 a
1187 272 1301 310 recta
1330 270 1490 311 ratione
1519 269 1698 312 defectio
1728 271 1787 313 sic
1815 284 1961 313 aversa

224 352 250 379 a
279 338 601 393 praescriptione
630 337 820 390 rationis,
864 341 912 378 ut
949 337 1063 378 nullo
1101 337 1223 379 modo
1264 339 1538 393 appetitiones
1568 340 1693 380 animi
1736 354 1812 383 nec
1854 341 1959 394 regi

224 421 301 449 nec
329 407 531 448 contineri
561 410 756 460 queant«.

337 475 476 528 Haec,
520 489 626 530 quae
672 475 917 530 protulimus
963 480 1223 529 argumenta,
1265 477 1332 517 vix
1375 476 1608 530 sufficiant,
1652 481 1700 519 ut
1743 479 1829 521 iure
1869 480 1960 533 quis

224 548 352 600 putet,
398 542 640 586 Ciceronem
679 543 901 585 advocasse
940 543 994 586 ad
1032 544 1141 586 hanc
1171 544 1331 586 Timaei
1371 546 1598 587 versionem
1636 546 1745 588 docti
1788 547 1960 588 alieuius

222 613 299 655 viri
329 613 681 655 commentarium.
740 611 807 654 Ne
837 626 913 654 nos
943 612 1110 666 quidem
1141 627 1215 668 pro
1245 618 1356 655 certo
1387 613 1600 656 affirmare
1621 628 1855 669 possumus;
1886 615 1963 657 fiet

224 687 363 725 autem
384 681 633 736 probabilior
661 695 738 734 res,
768 695 848 736 quo
878 681 1016 736 plures
1047 683 1124 724 loci
1155 683 1310 724 inventi
1331 687 1462 735 enuit,
1492 683 1641 737 quibus
1662 683 1958 738 comprobetur.

222 750 360 806 Legas
399 764 433 792 e.
463 765 501 805 g.
545 749 756 793 Ciceronis
800 765 833 792 c.
863 750 931 793 IV
970 765 1063 805 pag.
1093 753 1223 798 99810
1239 766 1308 806 sq„
1351 751 1421 794 ubi
1464 753 1676 807 quaeritur
1724 754 1960 795 »cuiusnam

223 821 498 862 animantium
529 820 571 861 in
601 819 800 874 fingendo
830 820 984 862 mundo
1014 820 1116 862 deus
1146 821 1459 863 similitudinem
1490 826 1655 864 secutus
1684 823 1778 864 sit«.
1838 821 1961 864 Plato

222 889 445 944 respondet
483 890 591 930 »τῶν
619 887 698 942 μὲν
727 880 804 930 οὖν
834 886 877 930 ἐν
905 887 1060 945 μέρους
1089 885 1195 932 εἴδει
1228 887 1488 947 πεφυκότων
1517 889 1668 948 μηδενὶ
1698 886 1961 943 vemagazano-

222 973 323 1011 μεν<<
359 959 412 1000 30
425 956 474 1000 C.
533 957 744 1000 Dicuntur
785 962 924 1000 autem
965 956 1010 999 ἐν
1049 957 1201 1012 μέρους
1245 955 1353 1001 εἴδει
1396 957 1616 1015 περυκότα
1660 974 1711 1002 ea
1754 960 1962 1012 animalia,

223 1041 328 1082 quae
358 1028 418 1069 ita
447 1031 688 1081 comparata
717 1031 825 1080 sunt,
861 1031 909 1069 ut
938 1041 989 1069 ex
1017 1027 1205 1081 partibus
1234 1033 1334 1083 apta
1363 1029 1458 1070 sint.
1518 1028 1663 1072 Cicero
1693 1030 1815 1071 vertit
1849 1029 1963 1071 »nul-

223 1096 302 1138 lius
331 1095 518 1151 profecto
548 1096 590 1138 id
619 1095 797 1151 quidem,
841 1110 946 1150 quae
985 1100 1082 1138 sunt
1119 1096 1237 1138 nobis
1276 1101 1377 1139 nota
1407 1098 1651 1149 animantia3
1695 1103 1792 1140 sunt
1832 1099 1993 1147 onim.

223 1166 363 1207 omnia
393 1166 434 1206 in
464 1165 669 1219 quaedam
698 1178 852 1219 genera
882 1166 1037 1220 partita
1067 1169 1140 1207 aut
1169 1166 1374 1219 incohata,
1419 1167 1561 1209 nulla
1599 1181 1655 1209 ex
1684 1171 1824 1222 parte
1854 1181 1961 1222 per-

222 1234 397 1276 fecta«.
457 1233 604 1276 Habes
632 1235 960 1289 explicationem,
1002 1249 1126 1289 quam
1168 1234 1398 1290 desumpsit
1435 1237 1636 1290 interpres
1678 1250 1728 1277 ex
1758 1250 1961 1278 commen-

222 1304 339 1345 tariis
377 1302 487 1345 docti
527 1303 700 1345 alicuius
741 1304 827 1345 viri.
888 1302 957 1345 Cf.
986 1303 1123 1345 Procli
1155 1303 1363 1346 Diadochi
1395 1305 1436 1346 in
1466 1304 1575 1346 Plat.
1607 1304 1715 1347 Tim.
1746 1309 1962 1355 comment,

222 1372 284 1415 ed.
325 1372 454 1413 Diehl
498 1372 575 1414 vol.
606 1372 631 1413 Ι
666 1387 758 1426 pag.
789 1374 869 1414 421
925 1365 1066 1424 »ἀξιοῖ
1107 1371 1242 1430 μηδὲν
1284 1374 1373 1415 τῶν
1413 1373 1621 1429 μερικῶν·
1663 1369 1826 1415 τούτων
1866 1371 1963 1428 γὰρ

222 1439 444 1483 ἕκαστον
475 1437 658 1491 ἀτελές
687 1439 828 1483 ἐστιν
858 1436 917 1492 ὡς
947 1439 1060 1496 πρὸς
1089 1440 1139 1484 τὸ
1171 1436 1311 1484 glou«.

339 1510 506 1552 Tertius
550 1510 784 1552 huiusmodi
827 1511 941 1553 locus
986 1515 1123 1552 exstat
1161 1511 1272 1566 apud
1312 1511 1553 1554 Ciceronem
1593 1526 1685 1566 pag.
1716 1513 1841 1557 99711
1881 1513 1905 1565 ἓ
1938 1514 1959 1553 7

228 1579 549 1622 »difficillimum
592 1583 731 1622 autem
773 1584 837 1621 est
875 1581 917 1621 in
957 1582 1068 1622 omni
1108 1582 1406 1634 conquisitione
1436 1582 1608 1622 rationis
1637 1580 1874 1622 exordium«
1914 1601 1958 1615 =

223 1647 425 1704 μέγιστον
455 1647 507 1706 δὴ
540 1645 707 1699 παντός
736 1643 961 1704 ἄρξασθαι
992 1648 1104 1691 κατὰ
1135 1647 1268 1706 φύσιν
1298 1646 1431 1707 ἀρχήν
1468 1652 1521 1692 29
1533 1649 1583 1692 Β.
1642 1649 1778 1693 Valde
1808 1649 1962 1701 dubito,

224 1733 322 1760 num
364 1718 487 1773 plane
529 1719 783 1773 perspexerit
826 1719 1027 1773 interpres
1071 1733 1236 1761 sensum
1274 1719 1420 1761 horum
1461 1718 1687 1761 verborum.
1757 1718 1964 1773 Displicet

224 1789 345 1840 enim,
389 1787 498 1842 quod
539 1787 641 1829 dicit
687 1787 1008 1830 »difficillimum
1048 1792 1150 1841 est«,
1195 1797 1298 1830 cum·
1320 1788 1509 1831 Platonis
1552 1788 1674 1830 verba
1715 1787 1963 1842 significent,

225 1857 373 1898 summi
415 1871 504 1898 esse
550 1858 747 1898 momenti
787 1855 1018 1912 (μέγιστον)
1063 1859 1246 1899 omnium
1287 1872 1423 1900 rerum
1460 1855 1657 1912 (παντός)
1699 1858 1862 1899 initium
1906 1858 1966 1898 ita

225 1925 374 1977 facere,
412 1930 460 1967 ut
489 1927 543 1966 sit
573 1920 683 1967 κατὰ
714 1923 860 1981 φύσιν.
919 1926 1046 1968 Hanc
1075 1928 1285 1968 notionem
1317 1926 1462 1969 Cicero
1493 1927 1659 1968 omnino
1691 1940 1771 1967 non
1803 1940 1965 1980 expres-

225 1995 288 2036 sit.
351 1994 493 2048 Atque
514 1995 655 2036 statim
674 1995 811 2049 pergit
846 1995 920 2037 »de
951 1996 1010 2037 eis
1032 1996 1166 2049 igitur,
1197 2010 1321 2050 quae
1351 1995 1586 2048 diximus,
1616 1995 1718 2037 haec
1750 1996 1804 2036 sit
1833 1996 1967 2049 prima

225 2064 474 2106 distinctio«.
534 2063 626 2105 Ista
665 2064 830 2118 quidem
871 2078 953 2106 non
996 2069 1060 2106 est
1095 2066 1243 2115 versio;
1290 2080 1387 2106 nam
1431 2064 1555 2106 Plato
1594 2064 1696 2106 dicit
1741 2051 1849 2105 »ὦδε
1893 2055 1967 2105 οὖν

227 2130 333 2189 περί
363 2148 407 2174 τε
439 2126 605 2183 εἰκόνος
636 2131 709 2174 καὶ
743 2131 846 2187 περὶ
877 2134 956 2175 τοῦ
989 2129 1340 2189 παραδείγματος
1376 2130 1511 2191 αὐτῆς
1540 2130 1792 2188 διοριστέον.
1853 2131 1965 2174 Sane

226 2203 268 2244 in
299 2203 369 2255 eis,
413 2216 518 2256 quae
551 2202 802 2244 antecedunt
840 2202 969 2244 dixit
1007 2202 1275 2257 philosophus
1321 2201 1423 2257 περὶ
1455 2199 1620 2253 εἰκόνος
1651 2200 1723 2243 καὶ
1753 2199 1858 2256 περὶ
1887 2199 1966 2242 τοῦ

228 2268 591 2326 παραδείγματος.
666 2270 806 2313 Licuit
851 2272 976 2325 igitur
1017 2273 1229 2326 interpreti
1275 2273 1464 2313 notiones
1508 2285 1702 2327 expressu
1744 2269 1965 2312 admodum

226 2340 424 2382 difficiles
455 2340 595 2391 vitare,
636 2340 678 2381 id
709 2340 818 2393 quod
848 2344 1062 2382 assecutus
1092 2345 1164 2393 est,
1206 2355 1298 2382 cum
1329 2341 1484 2383 diceret
1524 2340 1598 2383 »de
1628 2341 1697 2392 eis,
1727 2353 1832 2393 quae
1862 2338 1965 2380 dixi-

227 2423 356 2450 mus«.
419 2407 571 2450 Cetera
616 2423 696 2450 non
735 2410 871 2451 minus
909 2413 1072 2452 mutata
1112 2414 1209 2451 sunt
1246 2409 1298 2451 ab
1329 2411 1552 2464 interprete
1597 2408 1747 2452 »Omni
1791 2408 1965 2449 orationi

228 2492 320 2519 cum
351 2479 410 2519 eis
441 2477 574 2530 rebus,
615 2477 667 2519 de
696 2478 844 2532 quibus
874 2479 1064 2533 explicat,
1110 2479 1271 2521 videtur
1311 2493 1399 2521 esse
1432 2479 1633 2533 cognatio.
1692 2477 1841 2531 Itaque
1873 2491 1965 2518 cum

227 2547 279 2588 de
311 2561 354 2588 re
387 2547 524 2589 stabili
555 2551 598 2589 et
629 2547 874 2589 immutabili
907 2548 1093 2602 disputat
1130 2549 1262 2590 oratio
1302 2548 1397 2589 talis
1428 2549 1482 2589 sit
1496 2549 1524 2600 ¹)
1562 2547 1695 2601 qualis
1734 2546 1816 2598 illa,
1861 2559 1966 2600 quae

228 2630 359 2670 neque
391 2616 582 2669 redargui
614 2630 746 2670 neque
776 2618 960 2658 convinci
993 2621 1138 2671 potest.
1200 2616 1306 2658 Cum
1328 2621 1466 2658 autem
1486 2617 1671 2669 ingressa
1700 2620 1773 2666 cst,
1806 2615 1967 2655 imitata

228 2689 272 2725 et
301 2684 448 2726 efficta
478 2685 709 2736 simulacra,
748 2685 870 2726 bene
910 2687 990 2739 agi
1022 2690 1182 2739 putat,
1227 2686 1260 2726 si
1291 2685 1599 2727 similitudinem
1631 2685 1712 2726 vcri
1745 2697 1965 2737 consequa-

229 2758 334 2795 tur«.
395 2753 447 2794 In
478 2753 542 2794 his
573 2755 749 2808 primum
780 2754 934 2806 dubito⁷
978 2769 1075 2796 num
1114 2759 1209 2808 apte
1245 2754 1407 2796 dicatur
1441 2758 1622 2808 »putat«.
1683 2753 1788 2807 Quis
1818 2749 1966 2807 putat?

230 2821 409 2865 Oratio?
472 2822 690 2877 Quomodo
721 2824 852 2865 oratio
883 2828 1020 2878 potest
1053 2821 1283 2877 »putare«‘?
1341 2823 1450 2866 Vide
1492 2838 1543 2865 ne
1583 2823 1791 2877 scripserit
1821 2820 1966 2863 Cicero

234 2891 359 2933 »bene
390 2893 456 2945 agi
489 2897 629 2946 puta«,
673 2893 732 2933 vel
780 2892 906 2934 »bene
947 2894 1013 2946 agi
1052 2896 1247 2946 putate«,
1289 2907 1394 2946 quae
1425 2893 1545 2934 lectio
1586 2891 1675 2933 idco
1705 2890 1802 2932 mihi
1836 2891 1967 2943 magis

229 2961 375 3014 placet,
406 2960 515 3014 quod
548 2960 650 3001 benc
673 2963 864 3003 convenit
892 2976 984 3003 cum
1016 2963 1085 3013 cis,
1115 2976 1220 3015 quac
1239 2966 1466 3015 sequuntur
1501 2961 1702 3002 »contenti
1737 2973 1825 3000 esse
1846 2958 1966 3000 debe-

351 3108 382 3152 l)
410 3107 613 3151 Plassberg
640 3107 734 3142 Mus.
763 3107 879 3142 Rhen.
908 3107 993 3141 LIII
1025 3117 1106 3153 pag.
1133 3107 1178 3141 89
1205 3107 1366 3142 coniecit
1396 3107 1494 3142 »fit«.
