2159 3481
928 132 1209 176 *32-

201 265 300 308 fecit
328 264 542 317 interpreS,
571 260 682 315 quod
700 260 910 303 Graecum
930 258 1034 300 illud
1064 256 1159 312 βίαι
1190 257 1371 299 reddidit
1401 271 1483 299 non
1518 257 1621 309 »vi«,
1648 255 1721 299 sed
1756 271 1930 299 »manu«

201 335 268 389 (cf.
300 333 354 375 ad
386 332 476 373 Att.
507 329 581 371 III
614 330 666 371 15
705 343 757 370 ne
798 328 900 369 meis
940 326 1176 369 vulneribus
1212 340 1385 368 manus
1425 324 1623 379 afferam).
1685 324 1781 379 Qua
1810 326 1862 367 de
1891 339 1935 367 re

199 403 322 458 plura
360 399 546 442 invenies
589 399 631 439 in
673 397 903 451 Plasbergii
949 396 1138 437 vindiciis
1170 394 1375 437 Tullianis
1412 408 1506 449 pag.
1537 394 1618 435 227
1666 393 1937 437 »Festschrift

201 472 268 513 fiir
297 469 505 514 Vahlen«.
565 466 719 509 Totum
761 470 901 507 autem
941 465 1097 506 dictum
1137 467 1253 519 potes
1291 463 1476 505 conferre
1511 477 1604 505 cum
1636 462 1796 517 Vergili
1826 464 1935 505 Aen.

201 539 300 581 XII
322 539 377 580 46
412 536 759 591 »haudquaquam
790 535 910 576 dictis
940 533 1136 576 violentia
1165 532 1295 574 Turni
1327 531 1523 583 flectitur3
1554 535 1775 586 exsuperat
1804 533 1936 585 magis

201 608 487 663 aegrescitque
517 604 761 647 medendo«.

616 764 682 807 De
713 764 937 808 Cicerone
967 762 1227 816 interprete
1259 758 1523 815 Sophoclis.

315 879 505 923 Tandem
548 878 701 921 accedo
742 877 796 918 ad
837 890 1006 931 campos
1045 875 1264 917 uberiores.
1324 874 1619 929 Amplissimus
1659 877 1794 915 exstat
1823 874 1936 916 locus

200 967 250 994 ex
282 949 502 1005 Sophoclis
533 947 768 989 Trachiniis
801 945 911 987 1046
922 959 1009 999 sqq.
1040 945 1082 985 in
1114 943 1283 986 Tuscul.
1315 943 1364 985 II
1394 944 1418 998 ξ
1449 943 1600 997 20sqq.
1660 942 1767 985 Toto
1797 946 1936 984 autem

199 1021 277 1063 hoc
307 1020 411 1061 libro
439 1018 626 1072 disputat
645 1014 915 1071 philosophus
945 1014 996 1056 de
1027 1013 1242 1055 tolerando
1274 1012 1425 1065 dolore,
1454 1026 1576 1066 quem
1612 1012 1692 1054 »sic
1723 1011 1938 1064 definiunt,

198 1094 245 1132 ut
275 1089 417 1131 dicant
456 1101 551 1129 eum
591 1099 821 1140 asperum
863 1097 953 1125 esse
984 1115 992 1123 .
1024 1115 1032 1123 .
1064 1115 1072 1123 .
1103 1115 1110 1123 .
1143 1081 1309 1123 difficile
1346 1095 1609 1136 perpessu«
1653 1085 1728 1123 etc.
1759 1080 1857 1123 Tus.
1887 1080 1937 1121 II

201 1161 224 1213 ξ
256 1158 378 1211 29sq.
410 1177 464 1192 =
494 1156 546 1198 de
576 1154 645 1196 fin.
677 1153 744 1197 IV
775 1154 799 1207 ξ
831 1153 886 1194 72
926 1151 991 1206 (cf.
1025 1151 1124 1193 Tus.
1157 1151 1207 1192 II
1239 1151 1290 1192 17
1333 1150 1383 1192 II
1417 1150 1497 1204 18).
1556 1149 1690 1204 Atqui
1729 1150 1939 1192 inducitur

200 1228 278 1269 hoc
308 1226 398 1268 loco
428 1224 648 1277 Hercules,
693 1223 788 1277 »qui
817 1225 906 1263 tum
937 1221 1112 1263 dolore
1142 1219 1428 1274 frangebatur,
1459 1233 1553 1261 cum
1583 1218 1936 1261 immortalitatem

198 1297 290 1351 ipsa
332 1299 462 1337 moite
508 1293 757 1348 quaerebat«
808 1290 931 1333 Tusc.
963 1290 1012 1331 Π
1042 1290 1066 1344 ξ
1097 1289 1163 1331 20.
1223 1288 1373 1343 Itaque
1416 1288 1514 1330 dum
1556 1302 1738 1330 summos
1777 1287 1937 1330 dolores

199 1365 318 1407 nobis
351 1367 448 1406 ante
478 1362 619 1405 oculos
649 1361 778 1416 ponit,
811 1361 869 1402 eis
900 1359 1035 1401 verbis
1067 1359 1197 1400 utitur
1226 1358 1440 1412 interpres,
1481 1371 1588 1411 quae
1619 1361 1660 1399 et
1689 1357 1747 1399 rei
1778 1371 1936 1399 accom-

199 1434 368 1476 modata
410 1436 507 1475 sunt
551 1435 593 1474 et
629 1431 748 1485 quasi
793 1429 1010 1472 sollemnia
1052 1442 1101 1470 ac
1142 1427 1349 1469 tralaticia
1386 1427 1429 1468 in
1469 1426 1740 1468 describendo
1783 1426 1936 1468 dolore.

199 1503 317 1545 Dicit
360 1503 470 1544 enim
522 1500 586 1544 »O
628 1499 762 1541 multa
803 1498 918 1540 dictu
957 1497 1101 1551 gravia
1141 1510 1382 1551 perpessu
1423 1510 1630 1550 aspera«
1681 1494 1939 1550 Sophocleus

199 1576 338 1614 autem
369 1570 577 1613 Hercules
607 1583 690 1611 non
721 1568 814 1610 infit
853 1560 889 1608 ὦ
929 1565 1076 1608 πολλὰ
1108 1599 1115 1607 .
1148 1599 1156 1607 .
1185 1599 1193 1607 .
1230 1598 1238 1606 .
1269 1563 1341 1606 καὶ
1373 1563 1631 1607 δύσοιστα
1667 1561 1853 1621 πήματα
1884 1589 1937 1594 -

199 1656 296 1683 nam
344 1638 558 1682 δύσοιστα
608 1639 695 1680 fere
746 1641 899 1689 essent,
948 1650 1055 1690 quae
1105 1650 1130 1677 a
1176 1635 1377 1678 Cicerone
1424 1634 1619 1676 dicuntur
1671 1647 1938 1689 »perpessu

199 1724 406 1765 aspera«
442 1735 495 1739 —
526 1707 599 1750 sed
643 1699 701 1747 »ὦ
742 1703 888 1748 πολλὰ
921 1703 973 1762 δὴ
1005 1703 1077 1746 καὶ
1110 1702 1255 1758 θερμὰ
1296 1702 1370 1745 καὶ
1402 1700 1535 1758 λόγωι
1566 1700 1722 1745 nami«.
1783 1702 1934 1746 Statim

198 1780 325 1834 igitur
353 1778 471 1820 initio
502 1778 628 1819 totius
659 1776 738 1818 loci
768 1778 952 1830 apparet,
990 1773 1234 1817 Ciceronem
1266 1787 1348 1815 non
1380 1786 1469 1815 esse
1499 1771 1628 1814 fidum
1658 1772 1937 1827 interpretem,

198 1848 271 1891 sed
302 1848 477 1890 liberum
509 1846 772 1898 imitatorem,
800 1844 843 1886 id
874 1843 984 1898 quod
1015 1842 1338 1895 confirmabitur,
1376 1842 1409 1884 si
1442 1841 1617 1883 alterum
1649 1855 1810 1883 versum
1841 1854 1935 1883 cum

199 1917 407 1972 Sophocle
430 1915 734 1959 contulerimus.
797 1912 986 1956 Graecus
1017 1913 1126 1954 enim
1157 1915 1281 1966 poeta
1311 1911 1447 1966 pergit
1480 1907 1622 1966 »χερσί
1653 1908 1727 1951 καὶ
1757 1907 1934 1953 νώτοισι

196 1983 468 2043 μοχθήσας<<,
514 1985 729 2026 Romanus
773 1996 965 2037 »corpore
996 1985 1120 2035 atque
1158 1981 1297 2022 animo
1327 1979 1519 2035 pertuli«.
1580 1979 1699 2033 Quae
1730 1979 1812 2022 duo
1842 1981 1936 2022 sub-

196 2056 377 2114 stantiva
406 2069 480 2110 per
510 2054 683 2109 gradum
715 2053 955 2107 iunguntur.
1021 2050 1156 2092 »Nam
1188 2064 1269 2104 quo
1300 2050 1433 2091 maior
1469 2049 1529 2091 vis
1561 2053 1622 2091 est
1652 2049 1779 2090 animi
1810 2063 1934 2103 quam

198 2125 390 2180 corporis,
434 2124 513 2166 hoc
549 2127 647 2165 sunt
687 2122 877 2177 graviora
915 2135 977 2173 ea,
1021 2134 1129 2175 quae
1172 2119 1461 2173 concipiuntur
1502 2118 1652 2171 animo,
1697 2132 1821 2172 quam
1852 2118 1936 2171 illa,

198 2209 305 2248 quae
338 2207 548 2248 corpore«.
610 2191 761 2246 Philip.
794 2190 868 2232 XI
900 2190 984 2244 §9.
1045 2189 1105 2232 Ut
1148 2192 1287 2231 autem
1341 2188 1623 2230 »maiestatem
1654 2186 1817 2229 adferat
1846 2201 1934 2229 ora-

198 2264 300 2306 tioni
331 2263 383 2305 ab
415 2262 572 2304 ultimis
603 2266 644 2303 et
673 2261 756 2302 iam
789 2259 1034 2302 oblitteratis
1065 2257 1341 2313 temporibus«
1378 2256 1609 2311 (Quintill
1630 2257 1668 2309 6,
1689 2255 1758 2308 40)
1787 2257 1935 2311 repetit

199 2333 367 2375 verbum
397 2346 436 2385 q.
466 2345 500 2373 e.
538 2329 854 2372 »exanclata«
891 2329 958 2381 (cf.
992 2327 1165 2382 Quintil.
1196 2327 1222 2370 1.
1254 2327 1295 2379 1.)
1325 2327 1462 2380 idque,
1506 2329 1552 2367 ut
1590 2325 1752 2366 videtur
1790 2338 1934 2379 perpe-

198 2406 315 2444 tuum
345 2401 387 2442 in
419 2399 616 2442 Herculis
646 2398 866 2440 laboribus.
927 2397 1103 2451 Scripsit
1133 2396 1240 2438 enim
1274 2394 1541 2450 philosophus
1576 2395 1617 2435 in
1649 2393 1852 2436 Academ.
1885 2393 1933 2434 II

199 2472 223 2525 ξ
256 2470 337 2512 108
385 2469 531 2511 »credo
563 2467 825 2511 Clitomacho
863 2467 921 2508 ita
951 2466 1155 2518 scribenti,
1200 2464 1413 2507 Herculi
1457 2463 1664 2517 quendam
1707 2462 1932 2504 laborem

198 2538 514 2581 exanclatum
555 2552 581 2578 a
613 2536 872 2580 Carneade«.
932 2535 1028 2577 Non
1070 2535 1206 2576 minus
1245 2534 1328 2576 suis
1369 2534 1499 2574 utitur
1536 2531 1756 2586 pigmentis
1787 2531 1933 2575 Cicero

198 2610 238 2649 in
271 2607 466 2660 versibus,
510 2607 580 2661 qui
611 2610 821 2660 sequntur.
882 2605 1052 2646 Etenim
1085 2603 1314 2658 Sophocles
1355 2601 1456 2643 dicit
1501 2595 1694 2651 »ἄκοιτις
1723 2594 1748 2656 ἡ
1780 2597 1930 2651 Διός«,

199 2677 345 2720 Cicero
382 2676 580 2718 »Iunonis
610 2679 741 2717 terror
770 2673 1085 2728 implacabilis«.
1145 2672 1265 2714 Licet
1294 2671 1361 2713 hic
1392 2671 1562 2712 dubium
1593 2670 1656 2722 sit,
1698 2684 1779 2724 quo
1810 2670 1932 2725 perti-

200 2750 297 2788 neat
317 2747 563 2800 appositum,
593 2749 730 2786 utrum
762 2743 816 2784 ad
847 2756 997 2785 nomen
1030 2741 1146 2794 deae,
1177 2756 1230 2782 an
1263 2740 1315 2782 ad
1347 2743 1557 2792 terrorem,
1587 2738 1630 2780 id
1651 2738 1816 2793 quidem
1847 2751 1931 2780 cer-

198 2819 284 2856 tum
318 2819 379 2856 est
408 2814 596 2856 additum
640 2827 728 2855 esse
771 2812 823 2854 ab
863 2813 1098 2866 interprete,
1143 2824 1194 2852 ne
1234 2810 1285 2852 sit
1329 2809 1465 2850 »nuda
1504 2812 1545 2851 et
1574 2808 1690 2862 quasi
1722 2808 1932 2861 incompta

198 2883 368 2926 oratio«.
428 2882 603 2937 Quintil.
628 2882 745 2926 VIII
767 2882 805 2934 6,
825 2882 891 2923 41.
952 2880 1079 2922 Adde
1110 2879 1219 2934 quod
1252 2879 1516 2921 concinnitati
1550 2877 1755 2919 satisfacit
1784 2879 1932 2928 orator,

198 2967 292 2994 cum
323 2966 441 2994 suum
475 2952 622 3005 cuique
653 2951 807 2993 nomini
838 2949 1065 3005 epithetum
1098 2949 1261 3000 tribuit3
1307 2951 1352 2990 ut
1383 2947 1491 2989 enim
1524 2946 1633 2989 Iuno
1669 2944 1930 2999 »implacabi-

197 3021 288 3074 lis«,
326 3022 384 3062 ita
414 3020 673 3075 Eurystheus
708 3020 882 3061 »tristis«
913 3041 957 3053 =
984 3015 1172 3073 στυγνός,
1214 3016 1418 3059 Deianira
1453 3029 1664 3057 »vaecors«
1700 3018 1772 3056 est.
1835 3012 1931 3055 Hoc

198 3094 336 3132 autem
361 3091 608 3144 appositum,
638 3089 736 3143 quin
769 3088 899 3130 multo
921 3088 1086 3142 gravius
1117 3087 1170 3129 sit
1198 3100 1322 3140 quam
1345 3085 1554 3136 ὁολῶπις,
1585 3098 1666 3125 non
1693 3082 1930 3124 dubitamus
