2159 3481
929 159 1208 202 —23-

199 281 481 324 narrabimus«
519 281 572 323 ad
594 282 736 325 Her.I
758 286 782 337 ἓ
802 285 854 325 14
885 284 947 326 vel
983 286 1040 326 »si
1071 286 1187 327 cuius
1217 286 1276 327 rei
1305 286 1406 329 satis
1436 288 1513 329 erit
1543 302 1746 330 summam
1768 289 1931 342 dixisse,

199 350 286 392 eius
318 347 454 404 partes
495 365 577 392 non
608 351 819 394 dicentur«
866 352 918 394 de
947 353 1028 395 inv.
1059 353 1083 395 I
1115 358 1138 408 g
1169 355 1235 396 28.
1293 354 1582 398 Particulatim
1621 361 1758 399 autem
1792 363 1933 401 narrat

197 418 410 461 Homerus
440 433 533 461 cum
575 420 675 462 dicit
712 418 823 463 ἔνθα
862 426 972 467 ἔσαν
1013 425 1248 476 στρουθοῖο
1288 422 1460 466 νεοσσοί
1490 458 1498 466 .
1530 458 1538 466 .
1570 458 1578 466 .
1611 458 1619 466 .
1651 421 1776 478 ὀκτώ,
1821 423 1930 483 ἀτὰρ

197 485 336 544 μήτηρ
382 484 507 545 ἐνάτη
547 485 623 531 ἔεν.
686 489 832 533 Cicero
872 506 964 533 cum
1007 491 1107 534 dicit
1155 493 1376 547 »corripuit
1414 494 1549 548 pullos
1581 528 1588 536 .
1621 528 1629 536 .
1662 527 1669 536 .
1701 527 1709 536 .
1740 495 1928 537 foliorum

198 557 379 611 tegmine
409 562 612 612 saeptos«,
651 560 751 602 satis
790 561 989 614 expressit
1026 561 1161 615 pullos
1202 562 1243 602 in
1284 561 1454 616 platano
1485 564 1648 619 fuisse,
1696 578 1789 606 cum
1832 565 1931 607 dicit

202 640 327 679 »quos
356 640 448 668 cum
478 632 738 671 consumeret
767 633 898 682 octo«,
928 630 1059 684 quivis
1088 630 1304 685 intellegit,
1333 635 1425 673 octo
1455 631 1589 686 pullos
1619 634 1784 687 fuisse,
1816 633 1930 676 deni-

198 709 277 748 que
308 709 398 736 eum
433 694 533 737 dicit
565 711 699 738 »nona
730 711 854 752 super
882 697 1058 740 tremulo
1090 699 1277 753 genetrix
1308 699 1502 754 clangore
1533 700 1723 743 volabat«
1759 707 1931 757 apparet

198 768 370 805 matrem
395 778 547 806 nonam
577 766 741 810 fuisse.
801 765 869 808 Ne
898 766 1002 808 illud
1029 767 1195 821 quidem
1227 769 1348 810 vertit
1380 766 1519 823 »πρός
1549 773 1603 825 ῥα
1635 766 1932 813 πλατάνιστον

198 826 396 886 ὅρουσεν<<
440 848 475 874 v.
507 833 602 886 310,
647 834 718 876 sed
758 835 897 877 statim
938 835 991 877 ad
1028 836 1163 891 ipsum
1203 836 1395 879 effectum
1437 838 1571 880 tendit
1620 839 1730 894 »Qui
1771 839 1931 894 platani

317 934 325 942 .
355 902 396 943 in
426 916 542 944 ramo
573 903 807 958 corripuit«.
871 903 1031 959 »Saepe
1070 906 1179 947 enim
1218 906 1260 947 in
1300 907 1536 949 narratione
1577 908 1676 950 satis
1714 912 1788 961 est,
1832 908 1932 963 quid

199 970 355 1012 factum
386 971 449 1024 sit,
479 971 625 1025 dicere,
656 987 738 1014 non
761 977 806 1015 ut
826 987 990 1016 enarres
1009 974 1360 1028 quemadmodum
1389 976 1442 1018 sit
1462 976 1667 1029 factum«3
1701 977 1753 1019 de
1774 978 1928 1021 invent.

197 1039 303 1081 128.
364 1038 727 1094 Quemadmodum
758 1042 916 1084 factum
948 1043 1011 1096 sit,
1041 1047 1280 1098 penetrasse
1301 1044 1456 1087 scilicet
1486 1045 1709 1088 draconem
1730 1047 1771 1088 in
1795 1061 1932 1090 ramos

198 1112 420 1162 antequam
452 1110 655 1164 corripere
685 1115 824 1165 posset
855 1112 987 1166 pullos
1017 1111 1207 1155 foliorum
1239 1113 1422 1168 tegmine
1462 1117 1636 1168 saeptos,
1679 1115 1756 1158 hoc
1785 1130 1858 1170 per
1887 1131 1931 1158 se

196 1177 461 1232 intellegitur.
521 1178 644 1221 Talia
673 1184 891 1235 propterea
921 1181 1000 1224 hoc
1029 1181 1119 1224 loco
1149 1182 1270 1235 addo,
1302 1196 1356 1224 ne
1386 1183 1477 1236 quis
1498 1184 1682 1238 argutias
1710 1198 1776 1226 me
1806 1199 1930 1239 quae-

197 1260 285 1288 rere
315 1251 442 1301 putet.
504 1248 720 1291 Pertinent
750 1250 858 1291 enim
891 1250 944 1292 ad
975 1252 1147 1294 oratoris
1167 1250 1490 1306 suppelectilem,
1520 1252 1562 1294 id
1594 1253 1704 1307 quod
1732 1258 1933 1308 appareat

198 1329 248 1357 ex
288 1316 484 1371 scriptore
515 1317 568 1359 ad
600 1317 701 1361 Her.
735 1318 759 1360 I
790 1320 843 1361 14
888 1333 998 1362 »rem
1038 1320 1216 1362 breviter
1253 1335 1422 1363 narrare
1458 1322 1695 1376 poterimus,
1740 1323 1773 1364 si
1804 1355 1812 1364 .
1843 1356 1852 1365 .
1883 1356 1891 1364 .
1923 1356 1932 1365 .

198 1385 332 1427 exitus
362 1400 498 1428 rerum
528 1388 588 1429 ita
618 1402 832 1442 ponemus,
862 1393 907 1431 ut
937 1393 1033 1432 ante
1055 1403 1231 1444 quoque,
1262 1389 1505 1445 quaefacta
1525 1391 1618 1442 sint,
1649 1391 1742 1433 sciri
1762 1392 1933 1447 possint,

197 1455 362 1497 tametsi
392 1470 467 1497 nos
496 1457 794 1510 reticuerimus,
824 1458 935 1512 quod
962 1473 1093 1513 genus
1124 1459 1157 1501 si
1188 1459 1324 1501 dicam
1358 1473 1423 1501 me
1453 1474 1503 1501 ex
1532 1460 1745 1514 provincia
1765 1460 1931 1514 redisse,

198 1524 429 1577 profectum
461 1539 623 1580 quoquc
654 1527 696 1567 in
726 1529 979 1581 provinciam
1009 1528 1316 1582 intellegatur«.
1379 1529 1430 1570 cf.
1453 1528 1539 1572 Cic.
1571 1529 1622 1571 de
1650 1530 1803 1571 invent.
1832 1530 1856 1572 I
1877 1530 1932 1573 28

203 1592 284 1633 »ita
314 1592 484 1646 dicetur,
521 1599 568 1636 ut
597 1610 908 1651 nonnumquam
940 1612 990 1639 ex
1021 1611 1081 1650 eo,
1119 1597 1230 1651 quod
1260 1597 1415 1639 dictum
1446 1598 1509 1650 sit,
1550 1597 1593 1640 id
1624 1598 1734 1652 quod
1766 1612 1848 1641 non
1879 1599 1933 1641 sit

198 1660 353 1703 dictum
398 1663 702 1718 intellegatur«.
776 1666 1100 1708 Animadvertas
1146 1666 1280 1719 velim,
1324 1667 1531 1721 quomodo
1574 1667 1656 1710 duo
1702 1667 1932 1722 participia,

198 1730 373 1773 alterum
404 1748 439 1774 v.
471 1733 554 1776 315
585 1729 834 1792 ὀδυρομένη,
867 1736 1043 1777 alterum
1075 1751 1108 1777 v.
1135 1736 1219 1777 316
1250 1731 1519 1793 ἀμφιαχυῖαν
1548 1737 1794 1791 expresserit
1829 1741 1931 1780 »tre-

198 1800 309 1843 mulo
340 1802 573 1857 clangore«,
619 1804 769 1846 deinde
801 1805 1009 1859 quomodo
1044 1805 1187 1859 primis
1227 1805 1344 1860 quasi
1374 1805 1534 1848 lineolis
1563 1806 1841 1861 designaverit
1870 1821 1932 1860 ea,

197 1885 302 1924 quae
343 1875 440 1913 sunt
478 1873 589 1926 apud
620 1873 851 1916 Homerum
902 1871 1207 1928 »θαυμάζομεν
1237 1867 1328 1916 οἷον
1364 1871 1524 1932 ἐτύχθη
1565 1875 1661 1928 320,
1708 1874 1826 1918 δεινά
1856 1874 1932 1918 πέ-

198 1939 314 1993 λωρα
356 1940 450 1994 321,
495 1939 622 1997 τέρας
651 1942 762 1997 μέγα
800 1943 895 1985 324.
970 1943 1202 1986 Contentus
1244 1944 1354 1986 enim
1397 1944 1476 1986 fuit
1518 1944 1671 1987 dixisse
1719 1945 1932 1987 »mirabile

197 2012 449 2050 monstrum«
485 2010 630 2063 (Nord.
661 2012 771 2054 Aen.
801 2012 910 2065 367).
969 2012 1062 2055 Nec
1092 2016 1192 2066 erat,
1234 2027 1308 2055 cur
1345 2016 1407 2055 tot
1439 2012 1570 2055 modis
1600 2014 1931 2068 magnitudinem

196 2077 386 2121 draconis
415 2080 650 2134 illustraret,
691 2096 782 2123 cum
825 2096 950 2136 supra
991 2082 1161 2124 dixisset
1200 2081 1400 2124 »vidimus
1429 2081 1602 2123 immani
1633 2081 1770 2136 specie
1801 2114 1810 2123 .
1842 2114 1850 2123 .
1882 2114 1890 2123 .
1923 2115 1931 2124 .

197 2146 458 2202 draconem«,
507 2150 617 2204 quod
658 2151 868 2206 epitheton
916 2151 1027 2193 brevi
1075 2155 1168 2206 post
1212 2150 1357 2193 eodem
1403 2164 1542 2193 versus
1588 2150 1677 2193 loco
1720 2165 1801 2193 non
1843 2150 1931 2193 sine

196 2216 354 2259 ratione
393 2219 567 2261 iteratur
616 2220 721 2263 »Oui
766 2220 880 2262 ferus
920 2221 1091 2262 immani
1123 2220 1295 2262 laniavit
1336 2220 1493 2262 viscera
1537 2233 1715 2262 morsu«.
1774 2219 1826 2261 In
1867 2219 1931 2262 his

197 2290 335 2328 autem
367 2302 492 2341 quam
535 2290 715 2331 maxime
755 2294 1060 2344 exaggerantur
1101 2289 1153 2331 ab
1193 2290 1417 2344 interprete
1457 2292 1497 2330 et
1539 2288 1593 2330 ad
1628 2288 1929 2330 immanitatem

197 2354 344 2398 beluae
376 2358 754 2411 accommodantur,
791 2373 898 2413 quae
930 2363 1027 2401 sunt
1057 2358 1168 2413 apud
1199 2358 1432 2400 Homerum
1464 2373 1497 2398 v.
1528 2357 1611 2399 316
1651 2351 1726 2413 τὴν
1756 2354 1802 2398 δὲ
1835 2389 1844 2397 .
1876 2388 1887 2398 .
1920 2389 1929 2398 .

197 2422 335 2477 λάβεν,
383 2426 507 2480 plane
547 2431 594 2468 ut
623 2427 733 2469 infra
783 2431 939 2470 »taetro
971 2431 1174 2469 mactatas
1204 2427 1328 2469 dente
1359 2426 1527 2468 videtis«
1569 2447 1612 2460 z
1647 2422 1803 2481 ἔφαγεν
1833 2426 1929 2468 326.

198 2493 306 2535 Tota
349 2495 476 2549 igitur
518 2496 575 2537 rei
617 2496 836 2551 descriptio
880 2497 932 2539 ab
973 2500 1134 2539 oratore
1175 2496 1286 2538 omni
1328 2495 1506 2537 oratoria
1543 2495 1581 2536 vi
1623 2498 1821 2536 exornata
1858 2498 1931 2536 est.

199 2562 335 2616 Quam
367 2568 413 2605 ut
443 2564 624 2606 efficeret
653 2564 924 2619 effectamque
956 2569 1128 2620 augeret
1166 2579 1247 2607 non
1279 2564 1412 2607 solum
1443 2563 1552 2605 idem
1583 2563 1794 2618 epitheton
1833 2563 1930 2604 »im-

198 2633 334 2673 mani«
371 2633 430 2675 bis
461 2633 605 2676 eodem
635 2649 775 2677 versus
805 2635 894 2676 loco
924 2635 1072 2688 posuit,
1102 2634 1173 2676 sed
1205 2634 1328 2675 ctiam
1361 2647 1411 2675 ex
1438 2632 1778 2675 antecedentibus
1809 2632 1930 2674 versi-

199 2702 274 2743 bus
313 2702 437 2756 paulo
477 2707 570 2757 post
608 2703 752 2745 eodem
792 2719 931 2746 versus
969 2704 1058 2745 loco
1099 2703 1253 2757 recepit
1292 2702 1395 2744 illud
1439 2701 1662 2744 »vidimus«
1712 2701 1931 2755 (widimus

198 2771 368 2812 innnani
401 2805 408 2812 .
440 2805 447 2812 .
479 2805 486 2812 .
520 2805 527 2812 .
559 2772 734 2814 vidimus
764 2774 803 2814 in
840 2772 1039 2825 inediis«).
1100 2772 1209 2814 Sunt
1239 2775 1378 2813 autem
1411 2772 1464 2813 ist
1493 2770 1618 2812 verba
1662 2770 1803 2824 »quasi
1836 2784 1929 2811 cuni

199 2840 236 2880 vi
266 2842 445 2893 quadam
479 2842 662 2884 veritatis
701 2842 983 2896 erumpentia«
1020 2840 1208 2896 (Quintil.
1242 2840 1316 2882 IX
1347 2840 1385 2893 2,
1416 2840 1506 2892 76);
1553 2843 1771 2894 propterea
1812 2838 1930 2880 initio

200 2922 338 2950 versus
369 2914 587 2963 ponuntur.

313 2977 510 3032 Sequitur
542 2979 784 3021 Calchantis
822 2979 1077 3021 vaticinium:
1124 2977 1274 3020 affatur
1313 2993 1446 3032 augur
1485 2977 1670 3019 Achivos
1713 2975 1924 3018 »timidos«

198 3050 364 3088 stantes.
441 3048 608 3101 Optimo
651 3049 775 3102 igitur
816 3048 905 3089 infit
956 3047 1192 3102 >Quidnam
1239 3051 1450 3101 torpentes
1495 3046 1631 3088 subito
1676 3045 1930 3099 obstipuistis

200 3115 406 3158 AchiviP«
471 3117 702 3171 Torpentes
742 3117 849 3159 enim
891 3117 1095 3169 dicuntur,
1140 3116 1288 3171 quibus
1338 3119 1575 3172 »torpuerat
1613 3114 1749 3170 gelido
1787 3114 1930 3169 lingua
