2159 3481
851 158 1134 197 —13-

134 281 296 338 ya'ooeto
339 282 455 332 »abll
485 283 596 324 omni
623 283 827 324 erratione
857 280 1071 323 liberavit«
1109 282 1257 326 10011.
1318 278 1403 322 Sed
1431 281 1644 322 mittamus
1679 281 1788 322 iocos
1818 282 1859 322 in

134 353 248 394 seriis
268 351 400 394 rebus.
451 349 493 393 S.
511 366 544 391 v.
566 351 696 403 ζιῦιον
725 351 906 392 Friesius
926 365 1018 404 pag.
1037 352 1117 391 585
1149 350 1277 391 affert
1301 351 1554 391 »animatus«
1579 364 1672 403 pag.
1691 351 1860 394 100723.

133 419 307 462 Frustra
336 433 529 474 quaeras3
562 434 693 474 neque
724 421 833 461 enim
854 433 1027 472 usquam
1058 419 1209 472 legitur
1238 419 1279 459 in
1302 417 1512 460 Ciceronis
1534 417 1705 459 Timaeo
1725 419 1862 460 forma

133 503 170 542 q.
199 503 232 530 e.
268 489 542 530 »animatus«z
589 488 826 530 Thesaurus
866 487 1012 529 calami
1055 487 1118 528 vel
1154 500 1371 540 operarum
1410 487 1530 540 lapsu
1570 486 1734 528 exhibet
1763 501 1793 528 s.
1826 502 1859 527 v.

132 571 224 611 pag.
256 558 307 598 87
345 555 455 599 »Cic
486 557 529 597 in
560 556 731 598 Timaeo
761 556 786 597 Ι
818 558 893 597 19<<
937 557 1062 596 immo
1101 554 1267 596 Tuscul.
1298 554 1322 595 I
1354 557 1404 596 19
1444 554 1534 596 loco
1574 556 1675 596 satis
1715 555 1858 597 dubio!

133 625 337 679 Denique,
382 630 429 666 ut
456 625 533 667 hoc
561 639 722 679 quoque
752 625 904 666 addam
935 623 1091 674 Cicero,
1136 624 1169 664 si
1200 623 1356 664 Friesio
1387 623 1541 675 credas,
1586 637 1615 664 s,
1646 639 1680 664 v.
1712 622 1862 681 νοητός

132 699 238 748 (pag.
271 695 368 747 588)
399 695 521 735 vertit
555 695 736 735 »ratione
765 698 807 734 et
836 692 1141 746 intellegentia«
1177 694 1319 744 99824,
1350 692 1393 733 id
1421 692 1531 745 quod
1560 692 1749 746 equidem
1778 707 1861 734 non

131 763 304 804 invenio.
363 762 522 804 Desino
552 763 652 803 vitia
681 762 900 815 corrigere:
931 761 986 802 ad
1016 760 1058 802 id
1088 762 1223 815 potius
1253 760 1388 812 tendo,
1418 760 1528 814 quod
1547 761 1648 801 mihi
1677 765 1741 802 est
1769 776 1859 816 pro-

131 831 323 884 positum.
384 831 526 885 Atque
569 831 746 884 primum
790 829 955 884 quidem
999 829 1199 883 quosdam
1242 829 1353 870 locos
1393 828 1673 881 tractabimus,
1714 829 1861 883 quibus

132 899 339 954 discrepat
366 901 514 941 mirum
545 901 587 940 in
617 899 785 941 modum
817 897 1028 941 Ciceronis
1060 899 1191 939 oratio
1222 913 1247 938 a
1276 897 1463 939 Platone.
1524 896 1711 951 Quorum
1740 898 1861 952 longe

131 969 395 1021 gravissimus
424 968 505 1010 huc
534 969 714 1022 pertinet
742 968 822 1019 ille,
852 981 932 1021 quo
963 968 1099 1021 agitur
1128 967 1179 1009 de
1208 967 1344 1008 forma
1372 966 1515 1008 mundi
1544 966 1723 1020 globosa.
1783 966 1861 1008 Le-

130 1036 263 1090 gimus
293 1037 403 1091 apud
417 1035 636 1078 Platonem
666 1051 759 1091 pag.
780 1035 884 1078 33ss
916 1035 996 1078 τῶι
1027 1034 1074 1077 δὲ
1104 1031 1235 1076 πάντ’
1271 1033 1312 1076 ἐν
1341 1032 1478 1076 αὑτιῦι
1510 1034 1616 1087 ζιῦια
1648 1032 1862 1090 περιέχειν

129 1102 328 1157 μέλλοντι
360 1102 491 1157 ζώιωι
524 1106 698 1161 πρέπον
727 1099 781 1146 ἂν
810 1100 876 1161 εἴη
905 1104 1048 1161 σχῆμα
1077 1100 1126 1146 τὸ
1158 1099 1444 1160 περιειληφός
1473 1100 1516 1145 ἐν
1545 1097 1686 1145 arizuh
1716 1099 1862 1146 πάντα

131 1167 278 1216 ὁπόσα
308 1171 521 1231 σχήματα.
582 1173 727 1217 Cicero
757 1174 881 1216 vertit
908 1188 1001 1228 pag.
1020 1175 1154 1217 10006
1192 1173 1285 1227 §17
1324 1173 1391 1214 »A
1421 1186 1502 1226 quo
1528 1173 1639 1214 enim
1660 1174 1862 1214 animanti

129 1255 271 1283 omnes
316 1242 493 1297 reliquos
535 1244 734 1285 contineri
774 1243 898 1284 vellet
939 1243 1182 1293 animantes,
1226 1241 1338 1283 hunc
1379 1255 1430 1282 ea
1473 1240 1610 1282 forma
1652 1241 1861 1296 figuravit,

129 1324 213 1363 qua
241 1325 326 1352 una
355 1325 496 1353 omnes
525 1311 684 1353 formae
714 1311 895 1366 reliquae
927 1311 1266 1353 concluduntur«.
1326 1308 1588 1352 Sententiam
1627 1311 1670 1351 in
1700 1312 1860 1352 univer-

129 1392 220 1420 sum
250 1379 404 1421 dictam
434 1380 667 1434 specialiter
694 1381 894 1435 expressit
925 1379 1086 1431 Cicero3
1118 1384 1278 1434 spectat
1306 1380 1415 1421 enim
1446 1378 1500 1421 ad
1528 1378 1731 1433 opificem,
1768 1395 1861 1422 cum

129 1446 231 1489 dicit
263 1450 487 1490 »contineri
517 1449 679 1501 vellet«,
714 1449 873 1491 »forma
901 1449 1138 1503 figuravit«,
1169 1449 1291 1502 idque
1322 1449 1392 1500 ita,
1421 1453 1469 1489 ut
1496 1449 1614 1502 quasi
1634 1448 1861 1502 perfectam

130 1529 217 1557 rem
246 1522 386 1559 narret
414 1519 627 1572 interpres,
672 1532 753 1559 non
796 1517 1103 1572 perficiendam,
1148 1521 1196 1559 ut
1223 1517 1358 1558 Plato.
1416 1516 1534 1558 Nihil
1572 1517 1698 1570 igitur
1726 1518 1861 1570 miror,

129 1585 240 1637 quod
268 1585 393 1628 verba
421 1601 460 1641 q.
492 1601 521 1628 s.
553 1584 730 1641 πρέπον
760 1581 814 1627 ὂν
844 1583 912 1643 εἴη
948 1588 1110 1641 proprie
1140 1591 1297 1628 vertere
1327 1584 1620 1640 supersedebat
1649 1587 1862 1640 interpres,

130 1666 177 1694 eo
206 1655 354 1707 minus,
396 1655 506 1709 quod
546 1656 589 1697 in
626 1656 685 1697 eis
722 1670 828 1710 quae
858 1655 1118 1707 antecedunt,
1163 1656 1264 1697 satis
1301 1659 1441 1709 aperte
1471 1655 1642 1706 dixerat,
1684 1655 1862 1697 formam

130 1735 218 1764 esse
248 1722 439 1765 decoram
469 1724 536 1778 (cf.
571 1724 772 1766 »formam
803 1728 942 1766 autem
971 1726 1043 1777 ei2)
1072 1725 1250 1765 maxime
1271 1723 1463 1766 decoram
1492 1723 1630 1765 dedit«
1655 1745 1699 1757 =
1720 1724 1862 1779 σχῆμα

130 1787 177 1831 δὲ
208 1787 364 1833 ἔδωκεν
394 1789 530 1835 αὗτῶι
561 1790 610 1835 τὸ
643 1791 873 1847 πρέπον«).
935 1792 1094 1848 Quodsi
1124 1794 1259 1847 pergit
1297 1797 1362 1834 »et
1399 1792 1615 1847 globosum
1644 1796 1708 1834 est
1734 1792 1862 1834 fabri-

130 1863 257 1913 catus,
301 1861 411 1915 quod
449 1860 724 1918 σφαιροειδές
763 1861 914 1905 Graeci
954 1865 1125 1904 vocant«
1175 1861 1322 1915 copula
1363 1860 1595 1915 explicandi
1625 1861 1707 1901 vim
1736 1860 1863 1902 habet

130 1928 302 1970 eandem
331 1944 455 1984 quam
485 1930 553 1974 διὸ
585 1930 659 1973 καὶ
693 1952 737 1966 =
771 1947 809 1973 u.
839 1930 1022 1973 deshalb.
1080 1930 1154 1972 Ad
1183 1931 1411 1972 versionem
1441 1930 1529 1971 eius
1558 1929 1745 1971 vocabuli
1773 1944 1810 1984 q.
1828 1944 1861 1971 e.

131 1997 404 2053 σφαιροειδές
433 2004 528 2054 apte
558 2000 747 2042 conferas
776 2000 976 2042 Academ.
998 1999 1047 2040 Π
1078 2001 1204 2053 §118
1236 1999 1305 2040 ubi
1335 1999 1510 2052 legimus
1550 1997 1862 2052 »Xenophanes

130 2080 257 2108 unum
278 2081 366 2109 esse
386 2069 535 2121 omnia,
564 2083 695 2123 neque
726 2069 768 2110 id
798 2083 886 2110 esse
906 2068 1116 2120 mutabile,
1146 2073 1189 2109 et
1218 2067 1260 2109 id
1290 2082 1378 2109 esse
1399 2067 1533 2119 deum,
1563 2081 1695 2120 neque
1717 2072 1861 2109 natum

129 2150 313 2190 unquam
358 2141 401 2178 et
444 2138 748 2192 sempiternum,
794 2137 1041 2192 conglobata
1077 2136 1239 2191 figura«
1279 2157 1323 2171 =
1363 2132 1431 2178 »ἓν
1470 2133 1520 2178 τὸ
1564 2136 1657 2177 πᾶν
1702 2130 1861 2189 ἀμετά-

128 2203 285 2260 βλητον
317 2204 388 2247 καὶ
421 2200 526 2248 θεόν
565 2199 676 2248 εἶναι
715 2208 844 2249 τοῦτο
885 2201 1090 2263 ἀγένητον
1129 2205 1202 2248 καὶ
1232 2198 1379 2248 οἷίδιον
1409 2204 1693 2261 σφαιροειὸἤ<<
1742 2204 1862 2246 Diels

130 2272 312 2327 Doxogr.
335 2289 428 2328 pag.
448 2276 538 2317 1⁶20.
598 2275 722 2317 Plato
752 2276 838 2330 ipse
869 2275 967 2329 quid
998 2276 1052 2316 sit
1082 2271 1358 2331 σφαιροειδές
1389 2275 1530 2316 statim
1560 2274 1739 2328 exponit,
1769 2288 1861 2314 cum

131 2340 247 2383 addit
280 2339 352 2384 »ἐκ
381 2344 516 2396 μέσου
545 2342 689 2400 πάντη
720 2342 835 2400 πρὸς
863 2342 943 2394 τὰς
971 2339 1170 2395 τελευτὰς
1199 2339 1294 2386 ἴσον
1323 2339 1491 2395 ἀπέχον
1516 2364 1560 2377 =
1583 2343 1700 2384 cuius
1729 2343 1862 2383 omnis

130 2412 366 2454 extremitas
385 2412 552 2467 paribus
582 2428 608 2455 a
635 2414 771 2455 medio
800 2413 926 2455 radiis
945 2414 1187 2467 attingitur«
1222 2427 1315 2467 pag.
1340 2413 1470 2456 10009
1507 2413 1610 2465 ξ17.
1669 2410 1861 2452 Eandem

132 2482 269 2520 autem
299 2481 479 2535 figuram
509 2483 549 2523 in
581 2482 710 2524 altero
739 2482 843 2524 libro
879 2482 930 2524 de
960 2486 1044 2524 nat.
1075 2481 1183 2524 deor.
1213 2482 1278 2523 his
1308 2481 1440 2523 verbis
1469 2480 1664 2522 describit
1693 2481 1733 2533 (ξ
1767 2480 1861 2531 116)

136 2547 193 2587 »si
223 2550 401 2592 mundus
430 2551 622 2605 globosus
652 2556 716 2593 est
745 2551 796 2593 ob
826 2565 997 2605 eamque
1028 2565 1195 2593 causam
1225 2564 1366 2592 omnes
1396 2550 1484 2591 eius
1513 2553 1651 2604 partes
1680 2548 1861 2602 undique

131 2616 366 2669 aequabiles
396 2632 469 2672 per
498 2633 540 2661 se
581 2624 703 2674 atque
743 2621 850 2661 inter
888 2633 931 2661 se
961 2620 1246 2661 continentur«
1291 2617 1439 2673 quibus
1469 2617 1671 2671 adiungas
1700 2616 1860 2658 Timaei

131 2697 223 2737 pag.
256 2687 389 2731 10014
426 2689 450 2741 ξ
481 2689 535 2730 20
580 2689 709 2730 levem
750 2689 865 2730 illum
903 2688 1047 2730 effecit
1084 2693 1126 2730 et
1163 2688 1342 2741 undique
1373 2685 1630 2740 aequabilem
1662 2706 1715 2720 =
1746 2684 1862 2726 λεῖον

132 2750 204 2793 καὶ
245 2745 407 2806 ὁμαλόν
451 2758 648 2814 πανταχῆ
687 2772 734 2799 τε
772 2755 819 2798 ἐκ
863 2756 996 2810 μέσου
1035 2752 1127 2798 ἴσον
1171 2756 1286 2799 3413.
1344 2756 1437 2797 Iam
1484 2758 1710 2808 sequuntur
1750 2753 1859 2808 apud

131 2820 350 2864 Platonem
388 2823 489 2866 haec
535 2824 808 2880 »κυκλοτερές
851 2819 955 2867 αὖτό
1001 2823 1317 2881 ἓίορνεύσατω.
1377 2824 1534 2875 Cicero,
1579 2825 1610 2863 si
1657 2822 1860 2864 credimus

249 2988 283 3032 1)
309 2987 363 3022 De
389 2987 510 3032 figura
540 2987 719 3023 »liberare
746 2988 811 3022 ab«
842 2988 886 3021 cf.
912 2987 1015 3022 Fries
1042 2998 1125 3033 pag.
1151 2987 1231 3029 573,
1258 2987 1320 3021 ubi
1349 2986 1455 3021 deest
1481 2997 1545 3031 pro
1573 2985 1737 3020 Marcell.
1766 2986 1786 3029 ξ
1816 2984 1858 3018 13

133 3046 243 3081 Clark
271 3047 335 3082 »ab
363 3047 500 3082 scelere
526 3047 677 3082 liberati
705 3058 874 3089 sumus«;
901 3047 1009 3081 abest
1034 3046 1264 3091 praepositio
1291 3046 1328 3080 in
1355 3046 1460 3080 codd.
1488 3045 1653 3079 familiae
1679 3048 1711 3087 β.

248 3106 283 3151 2)
308 3107 379 3141 ›ei‹
409 3109 468 3141 est
492 3106 704 3141 emendatio
730 3105 937 3149 Plasbergii
965 3105 1062 3140 Mus.
1089 3105 1207 3140 Rlien.
1232 3105 1288 3148 53,
1314 3105 1370 3141 92.
