2159 3481
967 114 1242 152 ...41-

241 239 363 294 Ipsae
413 238 597 293 profecto
641 252 706 279 res
749 237 873 278 verba
917 238 1103 291 rapimit3
1152 236 1234 277 fuit
1275 236 1383 276 enim
1428 235 1525 276 olim
1569 235 1701 286 exsul,
1748 236 1817 288 qui
1866 233 1969 276 haec

241 309 383 349 vertit:

550 381 674 442 »Ἐγώ
707 385 753 428 δὲ
784 386 919 427 ταῖτα
948 384 1068 439 παρὰ
1100 385 1234 441 σοφοῦ
1264 399 1381 434 τινος
1409 380 1571 438 μαθών

545 452 608 505 εἰς
637 452 867 511 φροντίδας
896 455 992 496 νοῦν
1023 450 1246 510 συμφοράς
1276 448 1308 494 τ’
1344 449 1583 507 ἐβαλλόμην

543 522 683 579 φυγὰς
712 516 750 564 τ’
781 522 969 577 ἑμαυτιῦι
1002 520 1264 578 προστιθεὶς
1295 516 1465 576 πάτρας
1497 520 1602 577 ἐμῆς

545 589 766 641 θανάτους
794 584 833 633 τ’
863 585 1026 644 ἆώροϊς
1054 589 1128 632 καὶ
1158 592 1301 632 κακῶν
1332 582 1465 639 ἄλλας
1495 583 1619 639 ὃδοίς

544 653 597 701 ἵν’
627 657 672 702 εἴ
696 676 738 702 τι
771 656 975 712 ντοὶσχοιμ3
1011 650 1070 700 ὧν
1101 656 1301 710 ἐδόξαζον
1331 655 1453 713 φρενί

543 725 604 786 μή
633 743 707 782 μοι
738 727 892 783 νεῶρες
921 724 1177 782 προσπεσὸν
1204 725 1368 780 μᾶλλον
1399 721 1565 768 damon«.

1456 794 1606 836 Nauck
1636 809 1732 849 pag.
1763 796 1856 835 672.

246 878 378 919 Ornat
420 879 600 919 imitator
641 878 867 918 orationem
908 877 1199 918 allitteratione
1244 891 1309 928 ea,
1353 890 1458 930 quae
1501 876 1715 917 tritissima
1758 880 1821 917 est
1864 877 1969 917 anti-

244 948 331 1000 quis
368 947 501 1000 poetis
515 948 543 997 ¹)
589 950 630 987 et
661 944 849 988 Ciceroni
891 945 942 987 ab
982 946 1062 986 illis
1101 950 1270 999 accepta
1308 945 1374 996 (cf.
1405 944 1527 986 Arat.
1558 947 1624 997 37,
1656 946 1720 997 52,
1751 946 1845 997 341,
1876 947 1970 997 356,

243 1016 334 1067 462,
365 1017 447 1056 4‘28
478 1019 520 1056 et
550 1029 672 1056 carm.
703 1015 753 1056 de
784 1015 936 1056 consul.
972 1014 1179 1057 »Vocibus
1197 1014 1473 1068 Allobrogum
1505 1013 1700 1071 patribus
1731 1014 1970 1070 populoque

246 1083 473 1139 patebat«).
534 1083 670 1126 Ornat
708 1084 833 1125 etiam
871 1087 917 1125 ut
956 1083 1059 1125 solet
1089 1083 1281 1137 epithetis
1329 1087 1525 1124 »mortem
1555 1082 1784 1135 acerbam«,
1829 1083 1969 1125 »exsili

242 1156 441 1193 maestam
471 1152 638 1205 fugam«
656 1156 696 1206 2).
757 1151 943 1206 Quorum
974 1152 1076 1194 illud
1107 1166 1156 1193 ex
1192 1153 1282 1206 ipsa
1311 1151 1594 1206 philosophica
1623 1152 1781 1193 ratione
1810 1151 1971 1193 videtur

242 1220 470 1274 profectum
508 1235 608 1262 esse.
668 1220 855 1262 Fuerunt
893 1221 1002 1262 enim
1041 1220 1273 1275 philosophi
1312 1220 1378 1275 (cf.
1408 1220 1506 1262 Tus.
1535 1220 1609 1262 ΠΙ
1640 1222 1709 1273 28)
1746 1221 1815 1275 qui
1852 1220 1969 1263 doce·

242 1293 344 1341 rent,
385 1303 467 1331 non
497 1304 546 1331 ex
577 1290 686 1331 omni
716 1289 826 1331 malo
859 1289 1156 1343 aegritudinem
1188 1291 1312 1342 nasci,
1352 1290 1424 1332 sed
1463 1304 1513 1331 ex
1543 1291 1751 1344 insperato
1781 1294 1822 1332 et
1851 1303 1969 1332 neco-

242 1360 393 1412 pinato.
453 1358 531 1401 Cui
563 1359 687 1412 igitur
715 1358 871 1400 homini
901 1372 984 1400 nou
1014 1373 1174 1413 semper
1203 1363 1299 1400 sunt
1334 1360 1473 1401 omnia
1501 1359 1684 1401 humana
1712 1360 1903 1413 cogitata,
1934 1360 1969 1401 ei

241 1441 406 1469 necesse
436 1431 508 1480 est,
538 1427 660 1479 mala,
691 1428 724 1468 si
754 1442 859 1482 quae
890 1428 1090 1480 accidant,
1120 1442 1244 1482 quam
1274 1429 1451 1469 maxime
1480 1428 1569 1470 fore
1599 1427 1748 1470 acerba
1790 1428 1842 1470 cf.
1873 1427 1970 1470 Tus.

241 1495 315 1536 ΠΙ
336 1497 359 1548 ξ
381 1497 434 1538 30
469 1497 542 1537 »iis
571 1496 673 1538 haec
693 1510 780 1537 esse
813 1496 1008 1548 acerba,
1039 1496 1186 1550 quibus
1216 1510 1299 1538 non
1319 1497 1476 1539 fuerint
1496 1497 1715 1551 cogitata«.
1775 1496 1971 1538 Alterum

243 1569 381 1606 autem
410 1565 637 1619 epithetum
667 1565 954 1606 concinnitatis
994 1579 1119 1607 causa
1157 1565 1362 1607 adiectum
1392 1570 1465 1618 est,
1510 1570 1556 1607 ut
1598 1567 1742 1607 »morti
1771 1565 1966 1607 acerbae«

241 1633 504 1687 responderet
546 1634 685 1675 »exsili
726 1638 916 1676 maesta
955 1634 1094 1688 fuga«.
1157 1633 1365 1689 Quoniam
1406 1639 1544 1676 autem
1579 1635 1716 1689 agitur
1744 1634 1795 1676 de
1830 1649 1970 1689 »prae-

241 1702 506 1744 meditatione
535 1703 769 1744 futurorum
798 1704 1025 1745 malorum«
1059 1705 1099 1757 (ξ
1130 1704 1182 1745 ‘29
1214 1705 1294 1757 in.),
1333 1704 1449 1745 initio
1488 1704 1656 1745 alterius
1685 1717 1826 1746 versus
1857 1704 1973 1746 addit-

246 1771 477 1823 »futuras«3
525 1773 703 1826 itemque
745 1787 795 1814 ex
840 1774 931 1827 ipsa
971 1773 1250 1827 disputatione
1295 1772 1483 1816 Ciceroni
1527 1787 1569 1815 se
1614 1773 1763 1815 obtulit
1804 1773 1972 1815 verbum

246 1841 522 1882 »meditabar«
556 1857 591 1882 v.
620 1843 657 1883 4.
716 1841 1040 1884 Animadvertas
1070 1846 1207 1884 autem
1240 1841 1451 1885 Ciceronis
1480 1842 1816 1884 consuetudinem
1846 1843 1971 1897 pluri-

240 1909 316 1950 bus
346 1909 461 1951 nobis
491 1911 658 1952 iamiam
697 1910 893 1965 exemplis
924 1911 1183 1952 illustratam.
1242 1910 1412 1952 Etenim
1456 1911 1566 1966 quod
1610 1911 1710 1953 dicit
1758 1926 1971 1953 »mecum

241 1978 639 2020 commentabar«
674 1993 755 2020 non
786 1983 874 2020 tam
902 1979 1069 2034 respicit
1099 1979 1153 2021 ad
1182 1979 1306 2021 verba
1340 1978 1462 2020 »νοῦν
1491 1976 1554 2029 εἰς
1583 1976 1818 2036 φροντίδας
1848 1978 1970 2033 ἐβαλ-

241 2043 417 2104 λόμην<<,
449 2047 588 2102 squam
630 2048 682 2090 ad
727 2042 970 2099 ἐδόξαζον
1010 2045 1174 2103 φρενί,
1220 2062 1351 2102 neque
1391 2049 1511 2090 aliter
1549 2049 1671 2091 verba
1720 2053 1790 2091 »ut
1826 2050 1859 2089 si
1889 2063 1972 2103 qua

241 2117 480 2169 invecta-³³)
522 2115 667 2157 diritas
711 2130 809 2158 casu
846 2116 978 2158 foret«
1027 2118 1235 2171 pertinent
1277 2117 1410 2171 magis
1455 2117 1507 2159 ad
1550 2113 1626 2170 μοι’
1669 2114 1971 2172 προσπεσόν

238 2184 422 2239 (casm),
468 2199 592 2239 quam
623 2185 675 2227 ad
706 2180 750 2227 εἴ
774 2201 816 2226 τι
860 2183 1089 2239 πάσχοιμι.
1146 2186 1339 2240 Denique
1377 2190 1583 2241 postremo
1626 2201 1744 2229 versu
1791 2201 1865 2229 »ne
1904 2201 1969 2229 me

238 2268 356 2296 cura
398 2254 642 2306 laceraret«,
686 2258 802 2308 patet
851 2269 1021 2296 »curae«
1068 2269 1208 2297 vocem
1249 2256 1453 2310 pertinere
1497 2255 1551 2298 ad
1591 2270 1752 2297 versum
1794 2256 1969 2297 alterum

242 2318 601 2377 >>φροντίόας<<,
660 2322 776 2364 Bene
818 2327 956 2364 autem
1001 2323 1118 2366 addit
1166 2338 1375 2378 »repens«.
1436 2323 1590 2367 Omnia
1629 2325 1738 2366 enim
1780 2324 1970 2366 videntur

237 2391 374 2433 subita
412 2391 569 2432 maiora
612 2390 724 2443 (Tus.
754 2391 829 2432 ΠΙ
860 2392 884 2445 ξ
917 2393 996 2445 52).
1057 2391 1179 2447 Quod
1224 2396 1362 2434 autem
1405 2392 1539 2435 subito
1584 2393 1743 2445 accidit,
1790 2393 1831 2434 id
1873 2396 1969 2434 ante

237 2460 442 2513 provisum
472 2473 554 2501 non
585 2464 665 2511 est;
711 2464 753 2501 et
786 2460 918 2514 »quod
949 2465 1045 2503 ante
1076 2462 1282 2516 provisum
1312 2475 1394 2503 non
1425 2466 1498 2514 est,
1529 2462 1569 2504 id
1601 2462 1723 2504 ferire
1754 2461 1968 2504 vehemen-

236 2530 342 2570 tius«
388 2532 550 2570 constat
591 2529 702 2583 (ibid.
731 2531 755 2583 ξ
788 2531 868 2582 52).
931 2528 1002 2572 Sic
1040 2531 1149 2572 enim
1189 2530 1420 2586 Chrysippo
1459 2535 1521 2573 est
1560 2532 1702 2583 visum,
1746 2532 1804 2574 sic
1844 2530 1968 2586 Cyre-

237 2598 376 2648 naicis,
407 2598 465 2640 sic
485 2597 690 2652 Euripidi,
720 2612 811 2640 cum
834 2598 934 2641 dicit
969 2593 1051 2656 »μή
1082 2614 1156 2652 μοι
1179 2600 1332 2654 νεῶρες
1353 2594 1608 2655 προσπεσόν
1628 2599 1789 2653 μᾶλλον
1810 2594 1963 2643 ‹fd-noa«

237 2666 385 2721 νεῶρες
426 2667 550 2719 igitur
590 2666 697 2709 idem
737 2667 958 2721 significat,
996 2669 1105 2722 quod
1141 2662 1481 2725 ἀπροσδόκητον.
1542 2669 1689 2723 Itaque
1728 2669 1841 2711 nullo
1882 2671 1967 2712 iure

356 2827 387 2871 1)
415 2828 459 2862 cs.
486 2827 653 2862 Wolfflin
683 2829 771 2863 »Die
797 2829 1061 2864 Allitteration
1089 2830 1152 2865 der
1179 2831 1228 2865 ΙΙ.
1255 2831 1487 2865 Vershiilste«
1515 2830 1625 2865 Aren.
1651 2831 1736 2865 XIV
1763 2831 1842 2867 319.

352 2885 386 2929 2)
414 2886 457 2920 cf.
484 2885 580 2921 Enni
609 2899 639 2921 v.
667 2898 724 2933 ap.
753 2887 829 2923 Cic.
855 2888 941 2922 Tus.
969 2888 1026 2923 III
1051 2889 1095 2923 44
1124 2889 1250 2924 »exsili
1278 2891 1398 2933 fuga«.

350 2944 386 2989 3)
413 2945 457 2980 cs.
485 2945 571 2980 Tus.
599 2945 654 2980 111
682 2948 701 2990 ξ
727 2946 772 2980 26
798 2947 913 2981 »mala
941 2973 948 2980 .
976 2973 982 2980 .
1011 2973 1018 2980 .
1046 2959 1138 2993 qnao
1166 2948 1235 2982 tibi
1264 2960 1371 2982 casus
1400 2949 1664 2982 invexerat«

540 3032 547 3046 ,
623 3004 656 3038 II
685 3005 705 3049 ἓ
731 3005 778 3038 20
804 3016 888 3040 »nec
915 3007 1061 3040 tantuin
1091 3006 1267 3041 invexit
1295 3007 1420 3041 tristis
1447 3007 1678 3052 Eurystheus
1706 3009 1812 3044 mali«

529 3090 548 3106 ‚,
609 3062 658 3097 IV
686 3064 706 3107 g
733 3063 778 3098 63
806 3075 890 3099 »nec
917 3064 973 3099 ira.
999 3065 1175 3100 caelitum
1204 3065 1432 3101 invectum
1461 3066 1626 3102 malum«.
