2159 3481
1052 187 1073 197 Η

939 208 991 213 ,-
1059 197 1069 225 ι
1136 210 1189 213 —

199 308 322 349 dubio
353 312 424 349 est.
485 308 648 349 Deinde
671 307 802 349 verbis
832 322 937 362 quae
968 312 1064 350 sunt
1097 310 1240 363 »signa
1267 309 1405 352 dedit«
1444 311 1522 351 190
1545 314 1749 364 spectasse
1771 311 1930 353 videtur

201 377 399 430 interpres
447 380 488 418 et
535 376 589 418 ad
642 371 912 432 »πιφαύσκει
961 374 1160 433 σήματα<<
1213 382 1255 419 et
1304 378 1358 420 ad
1411 379 1553 435 »σῆμα
1603 374 1781 434 ἔθηκεν<<
1835 381 1929 421 409.

201 443 322 498 Quod
365 446 504 486 statim
549 446 683 499 pergit
731 444 866 486 »Nam
907 460 1010 487 cum
1050 446 1278 500 fulgentem
1322 460 1462 488 cernes
1493 448 1579 488 sine
1610 447 1785 489 nubibus
1830 450 1930 490 atris

199 512 355 554 Aram«
391 513 442 554 ob
463 514 601 555 oculos
621 513 766 555 habuit
795 518 936 555 notam
967 510 1088 556 ὅταν
1119 547 1128 555 .
1151 547 1160 555 .
1184 547 1193 556 .
1224 517 1355 571 φανῆι
1385 512 1433 556 τὸ
1462 510 1673 572 Θυτήριον
1703 514 1931 572 καθαρόν

199 579 284 622 καὶ
317 577 565 637 ἀνέφελον
603 597 695 637 pag.
726 584 847 627 4211.
906 581 1016 624 Nam
1055 583 1178 636 longe
1216 584 1336 625 aliter
1365 583 1525 625 Aratus
1554 589 1694 625 monet
1737 580 1821 641 »μή
1851 599 1929 637 μοι

233 682 241 690 .
264 682 272 690 .
303 644 420 702 εὔχεο
453 683 461 691 .
481 682 490 691 .
509 682 518 691 .
550 652 662 692 κεῖνο
683 644 922 706 φανήμεναι
945 645 1142 706 darom«.
1204 651 1359 695 Versus
1381 653 1450 706 qui
1472 653 1655 706 sequitur
1681 651 1749 693 »A
1770 667 1931 694 summa

197 723 313 772 parte
344 718 517 761 obscura
545 719 718 772 caligine
747 723 923 760 tectam«
957 720 1135 773 pertinet
1164 721 1217 762 ad
1247 720 1289 762 id
1318 721 1426 774 quod
1459 719 1645 763 Graecus
1675 725 1799 775 poeta
1829 721 1929 762 dicit

199 802 233 827 v.
264 787 415 843 415l16
458 782 543 842 ὕψι
588 786 634 828 δὲ
673 786 838 840 μᾶλλον
880 785 1128 841 κυμαίνοντι
1170 787 1289 843 νέφει
1328 787 1633 842 πεπιεσμένον.
1693 789 1776 831 Per
1805 791 1931 844 igitur

200 856 453 897 incommode
485 855 644 907 accidit,
690 860 738 896 ut
775 855 826 897 de
866 856 991 898 dubia
1029 857 1204 898 lectione
1235 871 1374 899 versus
1404 860 1485 899 413
1518 872 1567 899 ex
1599 857 1797 900 Cicerone
1826 858 1929 898 nihil

198 924 388 966 discatur.
452 923 581 978 Atqui
610 925 735 965 etiam
765 925 807 965 in
837 925 1001 966 scholiis
1031 926 1182 979 legitur
1203 927 1488 979 controversia,
1520 927 1625 968 sitne
1661 922 1924 980 >>εἶλυμένον<<

198 993 456 1035 scribendum
501 1007 555 1034 an
604 989 889 1046 >>εἰλυμένωκ<.
952 993 1164 1048 Suspicor,
1210 996 1474 1049 interpretem
1518 999 1561 1036 et
1599 996 1733 1049 ipsum
1773 996 1929 1036 variam

197 1063 439 1116 scripturam
487 1061 636 1103 vidisse
683 1061 855 1116 ideoque
905 1066 1141 1104 accuratam
1190 1064 1317 1105 totius
1365 1064 1443 1105 loci
1492 1065 1719 1106 versionem
1768 1066 1931 1107 vitasse.

196 1130 383 1182 Accedit,
414 1130 523 1184 quod
552 1130 727 1172 alterum
754 1130 996 1173 vocabulum
1026 1131 1138 1173 nullo
1168 1132 1290 1174 modo
1321 1134 1520 1187 expressit
1554 1130 1925 1189 >>πολυρροθίους<<

196 1201 289 1241 412.
349 1199 481 1242 Varia
519 1203 656 1241 autem
700 1203 763 1241 est
801 1200 922 1241 lectio
966 1197 1353 1256 »nattqqoffl'ovg«.
1414 1201 1571 1244 Vereor
1609 1216 1661 1243 ne
1691 1202 1928 1244 adulescen-

195 1269 306 1310 tulus
345 1269 386 1309 in
428 1269 629 1321 angustiis
667 1268 804 1319 fuerit,
848 1273 983 1310 utram
1023 1270 1240 1311 lectionem
1282 1269 1484 1324 probaret,
1527 1271 1636 1313 unde
1671 1271 1840 1322 factum,
1883 1275 1930 1312 ut

195 1341 383 1379 neutram
414 1337 667 1390 expresserit.
728 1335 896 1389 Cetera,
939 1342 987 1379 ut
1026 1342 1123 1379 sunt
1153 1352 1178 1379 a
1210 1337 1408 1380 Cicerone
1438 1338 1714 1391 conformata,
1758 1339 1845 1380 fere
1876 1339 1929 1381 ad

196 1406 361 1448 verbum
392 1406 654 1447 consentiunt
683 1419 776 1447 cum
807 1405 929 1447 schol.
959 1407 1088 1451 42222
1135 1408 1177 1448 in
1217 1407 1300 1448 his:
1352 1406 1438 1448 »Ni
1480 1412 1596 1462 parte
1627 1422 1677 1449 ex
1706 1407 1929 1462 Aquilonis

196 1489 366 1529 opacam
396 1474 582 1529 pellere
611 1474 786 1516 nubem
819 1474 1013 1530 Coeperit
1043 1480 1084 1517 et
1114 1476 1258 1518 subitis
1289 1477 1424 1518 auris
1453 1476 1660 1518 diduxerit
1689 1477 1782 1518 Ara
1811 1509 1820 1518 .
1853 1509 1861 1518 .
1893 1496 1925 1518 .«

196 1540 239 1585 εὶ
270 1541 336 1600 μὴ
367 1543 441 1584 τοῦ
470 1542 620 1597 βορέου
651 1538 676 1600 ἦ
711 1537 893 1596 δύναμις
1022 1542 1400 1601 διασκορπίσηι
1433 1542 1492 1586 τά
1524 1545 1668 1601 νέφη;
1705 1543 1930 1595 πνεύσας

195 1609 274 1666 γὰρ
304 1607 326 1654 ὃ
357 1610 511 1667 βορέας
549 1606 621 1654 ἀεὶ
662 1609 907 1654 σκεδαννύει
947 1607 1001 1654 τὰ
1032 1612 1153 1670 νέφη.
1215 1612 1299 1656 Sed
1343 1613 1451 1655 hanc
1495 1615 1777 1667 quaestionem
1821 1629 1930 1657 nunc

194 1683 361 1723 missam
391 1680 605 1722 faciamus.
665 1680 838 1724 Sufficit
866 1681 984 1724 nobis
1015 1682 1253 1734 ostendisse,
1284 1681 1536 1735 Ciceronem,
1567 1687 1614 1724 ut
1642 1684 1788 1725 melius
1809 1683 1928 1725 intel-

193 1751 349 1804 legeret
385 1749 511 1791 Arati
555 1751 788 1803 materiam,
834 1750 989 1792 scholia
1030 1755 1072 1792 et
1114 1752 1338 1806 inspexisse
1377 1755 1419 1793 et
1458 1752 1730 1793 transtulisse.
1803 1752 1929 1794 Arati

194 1823 332 1861 autem
362 1820 536 1861 materia
574 1820 776 1873 quomodo
816 1817 1054 1874 comparata
1090 1818 1181 1862 est?
1240 1820 1363 1862 Motu
1393 1825 1516 1873 caret,
1548 1846 1601 1851 ——
1631 1825 1678 1862 ut
1708 1822 1767 1862 ait
1799 1820 1928 1876 Quin-

194 1889 362 1930 tilianus
392 1887 441 1929 X
474 1890 510 1940 1,
541 1890 606 1940 55,
652 1893 723 1930 »ut
752 1889 795 1929 in
822 1903 906 1942 qua
935 1889 1050 1930 nulla
1079 1890 1267 1942 varietas,
1305 1890 1443 1931 nullus
1473 1889 1663 1942 affectus,
1694 1891 1810 1932 nulla
1838 1905 1928 1945 per-

195 1972 307 2009 sona,
351 1958 466 1998 nulla
496 1958 736 2011 cuiusquam
781 1959 835 1999 sit
879 1959 1048 1999 oratio«.
1109 1958 1270 2000 Tamen
1308 1959 1627 2011 adulescentulo,
1674 1961 1824 2013 quippe
1860 1961 1928 2013 qui

194 2026 317 2067 vellet
345 2030 387 2067 et
416 2027 625 2079 ingenium
656 2026 839 2068 excolere
871 2030 912 2068 et
941 2040 1127 2069 exercere
1158 2028 1324 2081 linguae
1362 2027 1617 2080 facultatem,
1658 2042 1827 2082 campus
1857 2043 1928 2083 pa-

193 2095 318 2136 tebat.
377 2094 547 2136 Etenim
589 2096 737 2136 iterum
776 2097 1003 2149 iterumque
1042 2097 1084 2137 in
1113 2096 1386 2150 descriptione
1416 2110 1552 2138 rerum
1588 2097 1826 2138 caelestium
1858 2111 1928 2138 no-

192 2163 391 2205 minanda
419 2167 538 2205 erant
567 2164 779 2205 stellarum
798 2165 966 2216 lumina,
996 2166 1205 2218 signorum
1236 2169 1360 2217 ortus,
1390 2179 1569 2217 occasus,
1600 2166 1702 2207 caeli
1730 2166 1929 2219 regiones,

193 2233 276 2274 alia
305 2232 346 2274 id
376 2247 515 2287 genus.
574 2232 769 2276 Varietas
799 2234 923 2287 igitur
953 2233 1131 2288 petenda
1160 2238 1249 2275 erat
1279 2235 1492 2288 interpreti
1533 2235 1574 2275 in
1614 2234 1767 2276 eisdem
1797 2235 1927 2276 notio-

192 2301 312 2343 nibus
356 2301 641 2356 exprimendis.
701 2301 839 2357 Quam
885 2303 1127 2344 varietatem
1169 2318 1252 2357 qua
1292 2307 1380 2345 arte
1422 2308 1634 2346 assecutus
1675 2304 1729 2345 sit
1773 2302 1929 2356 Cicero,

192 2374 332 2423 restat,
363 2375 409 2412 ut
439 2385 696 2424 quaeramus.

305 2438 484 2481 Proinde
525 2439 713 2481 conferas
753 2441 874 2482 velim
906 2440 1031 2482 Arati
1060 2455 1200 2482 versus
1230 2441 1448 2483 596—601
1491 2455 1583 2482 cum
1616 2440 1814 2484 Cicerone
1847 2444 1925 2484 381

194 2511 343 2561 —385‚
387 2508 535 2563 quibus
576 2510 714 2563 agitur
752 2510 803 2551 de
847 2511 906 2551 eis
947 2510 1087 2562 stellis,
1129 2524 1234 2564 quae
1278 2510 1434 2564 virgine
1474 2511 1682 2552 exoriente
1727 2511 1928 2552 occidant.

194 2576 335 2618 Unum
366 2576 574 2621 Graecum
616 2577 783 2620 verbum
827 2593 864 2632 q.
907 2593 940 2620 e.
984 2576 1122 2620 δύνειν
1164 2592 1234 2620 sex
1275 2579 1415 2620 latinis
1457 2580 1658 2633 expressit
1696 2579 1928 2621 Romanus:

199 2644 348 2687 »Cedit
378 2678 386 2686 .
418 2679 426 2687 .
458 2679 466 2687 .
498 2648 697 2700 mergitur
726 2647 838 2689 unda
869 2680 876 2688 .
909 2680 916 2688 .
949 2680 956 2687 .
989 2647 1196 2701 obtegitur
1226 2679 1264 2688 ..
1289 2680 1296 2688 .
1328 2647 1483 2689 recedit
1513 2679 1552 2688 ..
1582 2681 1590 2688 .
1621 2647 1828 2689 delabitur

195 2714 393 2756 latescit«.
453 2715 566 2757 Huic
596 2716 685 2757 loco
716 2716 918 2770 adiungas
948 2716 1023 2758 Ar.
1056 2718 1291 2768 fiee—633,
1334 2716 1400 2758 ubi
1445 2718 1592 2758 iterum
1625 2717 1731 2758 idem
1761 2717 1929 2758 verbum

193 2797 230 2836 q.
263 2797 295 2823 c.
328 2776 465 2824 δύνειν
505 2784 655 2837 legitur
692 2784 755 2825 bis
793 2786 983 2839 positum.
1043 2784 1203 2828 Contra
1232 2785 1342 2839 apud
1375 2784 1616 2827 Ciceronem
1647 2800 1682 2826 v.
1713 2787 1928 2827 41:3—-172

199 2850 381 2902 »occidit,
414 2883 421 2890 .
452 2883 460 2891 .
494 2884 502 2892 .
531 2851 695 2903 labitur,
728 2885 735 2892 .
765 2884 775 2894 .
807 2885 814 2894 .
847 2867 889 2894 se
934 2854 1073 2895 condit
1104 2886 1111 2894 .
1144 2887 1152 2894 .
1184 2886 1191 2894 .
1223 2854 1435 2895 reclinat«.
1515 2853 1675 2908 Quibus
1720 2854 1929 2896 vocabulis

194 2933 290 2960 cave
333 2923 451 2973 putes
493 2919 713 2961 exhaustos
759 2920 970 2962 Ciceronis
1015 2921 1239 2963 thesauros.
1314 2922 1447 2962 Immo
1494 2922 1615 2963 Arati
1662 2938 1800 2964 versus
1848 2924 1928 2964 57‘2

199 2985 335 3029 »δύνει
369 2986 447 3041 μὲν
479 2987 708 3044 Στεφανός,
739 2984 855 3030 δύνει
887 2987 934 3031 δὲ
962 2988 1072 3031 κατὰ
1106 2984 1226 3044 ῥάχιν
1251 2988 1407 3042 ἸχθῦςΧ
1452 3006 1477 3032 a
1506 2990 1705 3033 Cicerone
1737 2992 1800 3033 his
1830 2991 1929 3033 duo-

194 3055 269 3097 bus
298 3070 512 3111 expressus
544 3062 607 3098 ost
650 3058 783 3098 »cedit
821 3058 992 3112 delapsa
1023 3057 1198 3111 Corona,
1240 3063 1284 3100 ct
1314 3059 1403 3101 loca
1432 3061 1606 3101 convisit
1644 3060 1778 3102 cauda
1807 3064 1927 3101 tenus

196 3124 329 3166 infera
357 3125 500 3168 Piscis.
532 3127 624 3167 351.
685 3124 775 3167 Nec
813 3126 973 3180 desunt,
1018 3142 1124 3182 quae
1163 3127 1380 3180 addantur,
1424 3129 1534 3171 velut
1563 3130 1777 3170 462—66:
1822 3128 1930 3170 cedit
