2159 3481
888 173 1165 212 -11A

164 299 291 341 fuisse
321 302 522 340 constat«.
582 297 666 341 Sed
696 297 747 339 de
776 297 853 339 hac
884 311 926 338 re
958 296 1067 337 infra
1097 297 1216 350 plura
1246 294 1436 336 dicenda:
1476 294 1543 334 hio
1572 293 1809 347 priusquam
1840 291 1893 333 ad

162 371 298 409 cetera
338 381 567 421 pergamus,
612 367 734 408 liceat
776 367 938 408 criticas
980 365 1137 418 aliquot
1177 364 1400 417 adiungere
1442 362 1712 416 quaestiones
1784 360 1891 403 Con-

163 440 247 477 stat
285 435 522 477 Lucretium
562 435 772 478 Ciceronis
816 435 999 477 carmina
1035 433 1197 474 Aratea
1238 433 1395 486 legisse.
1455 430 1602 484 Neque
1645 431 1754 471 enim
1796 444 1894 471 casu

163 504 344 556 debetur,
374 504 483 558 quod
513 505 620 546 inter
649 518 691 545 se
722 504 985 547 consentiunt
1013 501 1134 543 Lucr.
1163 501 1238 542 111
1267 516 1303 542 v.
1336 501 1417 541 316
1453 513 1648 553 »quorum
1678 512 1754 552 ego
1785 513 1894 540 nunc

163 587 319 628 nequeo
350 587 493 615 caecas
513 587 714 627 exponere
736 586 904 614 causas«
939 575 981 612 et
1000 570 1084 613 Cic.
1105 586 1140 611 v.
1159 571 1242 611 234
1273 568 1460 623 Quarum
1491 582 1566 621 ego
1598 582 1707 608 nunc
1736 581 1893 621 nequeo

163 646 291 684 tortos
332 642 515 683 evolvere
555 655 696 683 cursus
735 642 800 693 (ex
838 639 992 681 scholio
1037 634 1108 679 »οὗ
1144 635 1327 680 δυνατόν
1365 635 1455 679 ἐστι
1495 634 1597 686 τοὺς
1626 633 1807 685 κύκλους
1837 632 1894 677 εῖ-

163 712 291 752 nstv«
327 725 420 764 pag.
454 711 616 763 43010).

275 779 458 821 Exstant
478 779 637 830 similia,
667 791 771 831 quae
802 777 978 818 editores
998 776 1207 830 hucusque
1239 775 1447 829 fugerunt,
1477 773 1590 815 velut
1604 772 1724 816 Lucr.
1741 773 1790 814 II
1812 775 1890 814 767

163 851 290 901 (mare
321 881 328 889 .
360 880 368 888 .
399 849 423 901 .)
466 848 661 889 »vertitur
698 847 739 887 in
780 859 904 887 canos
934 845 1125 887 candenti
1156 857 1358 885 marmore
1397 843 1591 885 fluctus«.
1650 841 1893 883 Rescriben-

163 917 261 959 dum
293 918 423 970 igitur
454 915 539 958 Cic.
561 931 596 956 v.
618 918 668 957 71
706 914 819 956 »Nec
849 918 1039 956 metuunt
1068 928 1192 956 canos
1222 913 1431 954 minitanti
1459 924 1670 957 marmore
1700 911 1894 963 fluctus«,

163 990 209 1027 ut
239 986 416 1027 traditur
445 985 534 1026 cod.
566 984 621 1026 D.

277 1053 364 1096 Sub
386 1053 657 1095 Arcitenente
683 1053 927 1095 »obscurae«
962 1054 1098 1093 iacent
1119 1051 1307 1092 stellulae
1339 1051 1451 1091 »sine
1472 1050 1660 1090 nomine«
1697 1048 1782 1091 Cic.
1802 1050 1894 1090 182.

162 1123 358 1177 Ineptum
398 1124 534 1176 igitur,
580 1123 690 1177 quod
733 1122 901 1164 eaedem
943 1122 1083 1163 statim
1123 1124 1246 1161 antea
1282 1121 1331 1173 (v.
1365 1121 1460 1172 179)
1505 1118 1792 1160 describuntur
1831 1117 1895 1158 his

162 1191 310 1234 verbis:
361 1191 470 1233 »Hic
500 1191 605 1233 aliae
635 1192 811 1233 volitant
839 1205 965 1246 parvo
1006 1204 1098 1231 cum
1139 1189 1292 1230 lumine
1333 1188 1540 1230 clarae«.
1600 1186 1895 1242 Maybaumius

161 1275 254 1315 pag.
289 1262 340 1302 10
353 1274 409 1314 sq.
450 1261 624 1302 coniecit
659 1261 829 1311 »circa«,
872 1259 985 1301 haud
1024 1262 1144 1300 recte.
1204 1256 1365 1299 Aratus
1405 1257 1505 1298 dicit
1534 1271 1569 1297 v.
1601 1257 1681 1297 399
1714 1250 1894 1310 ὀλίγοι

163 1344 208 1385 γε
249 1327 326 1382 μὲν
371 1323 497 1371 ἄλλοι
544 1326 688 1371 νειόθι
736 1328 1010 1385 Τοξευτῆρος.
1081 1327 1246 1379 Facilis⁷
1290 1331 1338 1368 ut
1381 1330 1493 1380 puto,
1537 1329 1601 1366 est
1644 1324 1895 1366 emendatio:

163 1399 326 1453 scripsit
356 1397 500 1441 Cicero
549 1398 659 1440 »Hic
699 1398 807 1440 aliae
847 1398 1022 1439 volitant
1050 1410 1176 1451 parvo
1218 1410 1310 1438 cum
1339 1396 1494 1437 lumine
1538 1408 1714 1435 rarae«
1762 1393 1895 1435 Plane

163 1467 337 1509 eandem
366 1467 641 1521 corruptelam
671 1467 830 1509 codices
859 1470 1074 1508 traxerunt
1103 1481 1138 1506 v.
1169 1467 1249 1507 323
1291 1464 1360 1506 ubi
1389 1463 1589 1505 traditum
1627 1467 1690 1505 est
1735 1463 1895 1504 »claro

163 1551 256 1578 cum
285 1537 439 1578 lumine
462 1535 657 1578 Chelae«.
716 1535 879 1579 Vitium
908 1535 1012 1577 vidit
1032 1534 1326 1589 Maybaumius
1356 1548 1448 1588 pag.
1472 1535 1535 1585 11,
1566 1532 1896 1574 emendationem

161 1619 245 1647 non
275 1606 442 1647 invenit.
499 1604 640 1646 Facile
671 1610 809 1646 autem
839 1605 1088 1658 corrigemus
1118 1603 1318 1655 librarios,
1363 1603 1395 1644 si
1425 1602 1612 1655 legamus
1657 1615 1773 1642 »raro
1804 1615 1897 1642 cum

163 1675 316 1716 lumine
349 1673 550 1717 Chelae«:
581 1678 678 1716 sunt
707 1675 817 1716 enim
849 1673 1005 1716 Chelae
1040 1668 1186 1714 »οὐδὲν
1217 1668 1396 1727 ἀγαυαί<<
1431 1672 1509 1712 Ar.
1538 1686 1573 1712 v.
1607 1672 1672 1712 90.

274 1742 328 1784 In
357 1743 630 1797 descriptione
660 1742 768 1784 orbis
799 1743 985 1797 signiferi
1014 1756 1133 1783 versu
1165 1743 1244 1783 327
1276 1741 1428 1795 legitur
1460 1739 1663 1782 »Umidus
1694 1739 1788 1781 inde
1818 1739 1897 1782 loci

163 1812 338 1854 collucet
356 1810 569 1865 Aquarius
600 1811 735 1853 orbe«.
793 1810 1059 1853 Dubitabant
1078 1810 1255 1852 editores
1284 1823 1424 1851 veram
1444 1808 1630 1851 codicum
1652 1808 1897 1862 scripturam

163 1881 342 1935 recipere
371 1895 476 1934 quae
507 1885 570 1922 est
603 1880 805 1922 »orbem«.
863 1880 1018 1921 Exstat
1047 1881 1157 1921 enim
1187 1880 1292 1921 alter
1320 1879 1445 1931 locus,
1490 1893 1540 1920 ex
1577 1891 1656 1932 quo
1688 1882 1897 1931 appareat,

166 1949 407 1993 Ciceronem
436 1949 604 1991 verbum
634 1964 671 2003 q.
702 1963 734 1991 e.
770 1949 1017 1991 »collucere«
1059 1963 1153 1990 cum
1182 1948 1488 1990 intransitivum
1518 1951 1607 1988 tum
1636 1947 1897 1988 transitivum

163 2032 395 2072 usurpasse.
454 2018 708 2060 Arateorum
747 2017 930 2060 versibus
969 2020 1049 2060 263
1089 2022 1131 2059 et
1161 2018 1243 2059 ‘268
1287 2016 1415 2058 habes
1459 2017 1541 2057 vim
1579 2016 1896 2057 intransitivam.

166 2087 324 2130 Contra
355 2086 515 2128 Timaei
546 2101 638 2140 pag.
672 2088 827 2133 100420
862 2086 1115 2128 Halm-Bait
1136 2108 1179 2120 z
1203 2088 1226 2140 ξ
1256 2089 1307 2128 31
1345 2090 1415 2127 »ut
1445 2085 1535 2140 (sol)
1565 2099 1689 2139 quam
1719 2084 1897 2125 maxime

163 2156 323 2198 caelum
353 2156 610 2208 colluceret«‚
654 2156 763 2198 idem
794 2156 1005 2210 significat
1043 2156 1152 2210 quod
1201 2155 1522 2197 »collustraret«.
1581 2153 1662 2195 Est
1692 2154 1802 2195 enim
1832 2167 1898 2195 ac-

163 2226 369 2268 cusativus
399 2239 518 2266 casus
569 2225 791 2277 »caelum«,
835 2239 918 2266 non
959 2226 1235 2267 nominativus
1255 2229 1279 2277 ¹)
1317 2224 1367 2265 cf.
1398 2223 1522 2265 Plato
1569 2222 1661 2264 »ἵνα
1691 2218 1838 2279 φαίνοι
1871 2214 1897 2261 0‘

162 2288 285 2351 ἥλιος
319 2289 380 2344 εἷς
419 2290 620 2349 οὗρανόν<<
667 2296 719 2335 39
732 2293 781 2334 B.
841 2293 916 2335 Bis
947 2294 1072 2348 igitur
1101 2295 1143 2334 in
1175 2292 1389 2336 Ciceronis
1419 2292 1608 2347 operibus
1644 2293 1896 2344 »μεταβατι-

162 2363 271 2414 κῶς<<
305 2363 484 2417 positum
515 2363 689 2416 legimus
720 2363 887 2404 verbum
917 2378 954 2417 q.
985 2377 1020 2405 e.
1056 2363 1304 2404 »collucere«
1339 2366 1381 2404 et
1411 2363 1469 2404 eis
1499 2360 1663 2415 quidem
1696 2358 1896 2414 operibus,

161 2446 266 2485 quae
295 2445 491 2474 conversa
520 2435 617 2473 sunt
646 2446 696 2473 ex
727 2431 890 2474 Graeco
921 2445 1120 2474 sermone.

716 2615 784 2657 ΙΙ.
816 2614 986 2669 Caput:
1032 2615 1098 2658 De
1129 2614 1335 2658 Timaeo.

275 2726 343 2767 De
374 2726 543 2768 Arateis
588 2728 690 2770 haec
732 2729 941 2771 hactenus.
1005 2729 1156 2772 Valeat
1201 2729 1453 2777 adulescens,
1499 2728 1668 2769 accedat
1713 2727 1783 2770 vir.
1828 2727 1895 2780 qui

161 2795 378 2850 splendida
407 2810 482 2836 sua
511 2796 707 2839 facundia
747 2802 864 2852 pater
902 2800 1060 2852 patriae
1099 2798 1237 2840 factus
1276 2803 1348 2839 est.
1410 2796 1578 2839 Sciebat
1616 2809 1820 2837 summum
1853 2809 1894 2835 se

161 2866 364 2905 oratorem
410 2878 502 2904 cum
552 2865 909 2920 »philosophorum
949 2867 1049 2908 deo«
1085 2872 1184 2918 (nat.
1217 2867 1325 2908 deor.
1358 2866 1403 2906 ΙΙ
1437 2867 1505 2914 32)
1554 2867 1591 2905 iu
1636 2866 1723 2919 ipsa
1764 2865 1893 2918 philo-

161 2932 306 2987 sophia
351 2947 429 2972 non
474 2946 592 2986 posse
637 2938 803 2975 certare.
878 2934 1008 2988 Atqui
1056 2935 1177 2976 Plato
1229 2935 1371 2987 «longe,
1415 2935 1606 2985 oninium,
1650 2935 1894 2987 quicumque

161 3002 412 3056 scripserunt
451 3006 524 3042 aut
562 3002 684 3044 locuti
725 3007 822 3044 sunt
860 3004 1018 3044 exstitit
1057 3007 1097 3044 et
1128 3004 1330 3045 suavitate
1373 3006 1415 3043 et
1444 3003 1646 3056 gravitate
1679 3002 1888 3055 princeps«

277 3129 312 3175 1)
338 3129 391 3165 Cf.
422 3128 549 3164 Graec.
577 3129 754 3165 Thesaur.
782 3142 809 3164 s.
838 3142 869 3165 v.
896 3132 1041 3176 φαίνειν
1068 3141 1150 3176 pag.
1179 3130 1258 3166 586.
