2159 3481
935 65 999 122 ’-
1059 93 1226 133 42—

198 213 415 256 mutabant
455 214 622 268 quidam
666 216 739 256 viri
784 215 891 257 docti
941 230 1014 270 per
1057 217 1334 258 coniecturam
1383 232 1576 273 »repens«
1635 221 1675 262 in
1725 237 1929 266 »recens«.

197 283 315 324 Idem
345 283 454 337 quod
484 283 706 337 Euripides
735 298 832 326 voce
862 285 1025 339 νεῶρες,
1071 286 1264 339 exprimit
1294 285 1441 329 Cicero
1473 302 1565 329 cum
1596 289 1696 331 dicit
1730 292 1929 347 »impara—

198 355 323 393 tum«.
385 351 498 394 Cura
526 352 702 407 denique
732 353 841 407 quod
877 355 1103 396 »lacerare«
1139 354 1299 406 dicitur,
1331 355 1372 397 id
1402 370 1562 411 quoque
1592 358 1760 401 verbum
1789 375 1930 403 mana-

197 421 254 461 vit
284 434 333 461 ex
364 421 453 474 ipsa
481 421 771 475 disputatione.
829 423 962 464 Paulo
992 424 1102 464 enim
1132 427 1256 465 antea
1284 424 1458 477 legimus
1493 427 1731 480 »aegritudo
1763 460 1929 471 .....

197 489 403 541 lacerat,
435 494 549 531 exest
579 492 785 533 animuum
823 493 928 546 5⁶27.
989 491 1114 533 Patet
1143 516 1199 522 —
1231 493 1261 533 si
1294 494 1462 547 respicis
1483 494 1696 537 verborum
1727 497 1931 540 delectum

197 583 251 588 ——-
282 558 445 612 singula
473 573 659 613 quaeque
689 561 1000 603 accommodata
1029 575 1117 602 esse
1148 561 1201 602 ad
1231 560 1353 603 huius
1382 562 1674 617 disputationis
1703 568 1929 620 materiam,

196 640 272 668 nec
310 631 471 669 tantum
513 629 833 682 accommodata,
876 644 1017 672 verum
1057 644 1107 671 ex
1146 630 1236 684 ipsa
1275 630 1553 685 disputatione
1586 632 1773 676 Ciceroni
1813 638 1929 690 quasi

196 695 304 737 ultro
335 695 475 737 oblata
494 711 593 738 esse.
655 696 774 752 Quae
795 713 859 740 res
890 703 964 741 aut
983 699 1102 741 valde
1123 699 1258 751 fallor,
1288 703 1362 741 aut
1382 700 1538 754 aliquid
1558 701 1688 744 docet.
1748 703 1931 746 Exstant

196 765 304 806 enim
335 779 474 807 versus
504 766 716 809 Homerici
750 767 870 809 Tusc.
902 769 926 809 1.
957 767 1030 809 ΠΙ
1063 769 1086 822 ἓ
1119 769 1183 809 65.

429 845 644 901 »Namque
674 849 797 890 nimis
827 849 978 890 multos
1009 853 1133 903 atque
1163 851 1273 890 omni
1304 850 1394 892 luce
1425 850 1620 893 cadentes

422 914 651 968 Cernimus,
682 922 729 958 ut
758 931 878 959 nemo
908 919 1039 972 possit
1066 932 1283 960 maerore
1314 934 1470 961 vacare.

425 983 518 1038 Quo
548 986 681 1039 magis
711 990 774 1028 est
803 1001 979 1041 aequum
1009 987 1179 1028 tumulis
1208 987 1405 1029 mandare
1435 994 1668 1044 peremptos

423 1053 563 1095 Firmo
594 1055 731 1097 animo
761 1059 804 1097 et
833 1056 988 1098 luctum
1018 1056 1197 1098 lacrimis
1227 1056 1349 1098 finire
1380 1056 1561 1099 diurnis«
1601 1079 1645 1093 Ξ

423 1120 541 1179 Λίην
572 1121 650 1178 γὰρ
681 1122 840 1166 πολλοὶ
871 1123 946 1166 καὶ
978 1120 1217 1180 ἐπήτριμοι
1247 1118 1393 1181 ἤματα
1425 1122 1571 1167 πάντα

424 1188 692 1235 πίπτουσιν·
724 1189 837 1235 πότε
868 1192 939 1235 κέν
969 1210 1035 1244 τις
1065 1188 1351 1236 ἀναπνεύσειε
1382 1190 1562 1247 advoco,-

426 1255 537 1302 ἀλλὰ
563 1259 642 1319 χρὴ
674 1260 747 1304 τὸν
775 1260 852 1316 μὲν
882 1261 1226 1316 καταθαπτέμεν
1256 1255 1304 1312 ὃς
1333 1278 1381 1304 κε
1412 1260 1632 1319 θοίνηισιν,

426 1327 553 1386 νηλέα
583 1329 726 1384 θυμὸν
757 1328 940 1384 ἔχοντας,
972 1327 1042 1373 ἐπ’
1077 1325 1211 1389 ἤματι
1241 1328 1559 1386 δακρύσαντας<<
1598 1336 1639 1374 Τ
1662 1335 1756 1375 226.

196 1410 324 1465 Apud
354 1410 585 1453 Homerum
627 1409 761 1462 πόνος
799 1417 862 1454 est
900 1412 1017 1454 labor
1056 1412 1163 1454 belli.
1225 1412 1336 1467 Quid
1367 1412 1535 1455 tandem
1564 1413 1686 1456 huius
1716 1414 1791 1456 loci
1823 1429 1930 1457 com-

195 1494 318 1521 mune
362 1484 425 1521 est
469 1495 562 1522 cum
601 1480 861 1536 philosophia
905 1481 1081 1523 morali?
1170 1481 1329 1524 Tamen
1374 1483 1433 1523 ita
1479 1482 1673 1535 affertur,
1718 1484 1833 1538 quasi
1877 1484 1932 1526 ad

195 1549 477 1602 quaestionem
507 1550 557 1591 de
588 1565 771 1592 maerore
801 1551 1023 1592 minuendo
1053 1552 1275 1605 pertineat3
1316 1551 1650 1593 accommodatur
1679 1557 1818 1594 autem
1849 1566 1930 1595 non

196 1632 221 1658 a
253 1616 462 1670 Cicerone,
507 1619 579 1660 sed
609 1634 635 1660 a
665 1618 806 1662 Stoico
837 1624 1003 1662 auctore
1036 1619 1258 1672 Ciceronis,
1288 1645 1343 1650 —
1374 1624 1538 1662 constat
1568 1622 1678 1662 enim
1710 1622 1817 1663 inter
1847 1635 1930 1663 om-

196 1701 267 1728 nes
298 1687 352 1729 ad
380 1702 483 1741 quas
505 1689 680 1743 ineptias
703 1687 831 1731 Stoici
864 1690 904 1730 in
934 1689 1013 1731 hac
1043 1704 1085 1730 re
1117 1690 1399 1743 processerint.
1432 1716 1485 1720 —
1514 1689 1663 1744 Itaque
1686 1690 1932 1732 inversione

195 1770 243 1797 eo
275 1756 471 1798 vocabulo
502 1758 632 1799 utitur
662 1758 861 1813 interpres
892 1759 1210 1812 (»n1aerore«)
1231 1760 1267 1811 ¹),
1297 1758 1406 1813 quod
1431 1758 1722 1813 disputationis
1752 1774 1931 1802 conexus

195 1826 388 1880 postulat,
428 1830 578 1868 natura
606 1826 727 1869 huius
758 1828 834 1869 loci
866 1829 1051 1882 ratioque
1081 1841 1162 1869 nou
1195 1828 1306 1870 item.
1365 1827 1456 1869 Nec
1485 1829 1619 1882 potuit
1658 1829 1778 1870 aliter
1808 1829 1931 1870 inter-

196 1909 299 1948 pres,
342 1897 536 1949 quoniam
574 1896 735 1938 dixerat
778 1897 912 1951 »apud
950 1897 1182 1938 Homerum
1221 1897 1471 1939 cottidianae
1509 1911 1630 1939 neces
1661 1898 1932 1952 interitusque

197 1964 419 2005 multorum
471 1966 763 2009 sedationem
814 1967 1054 2010 maerendi
1111 1965 1346 2007 adferunt«.
1433 1965 1579 2007 Talem
1630 1966 1932 2020 indiligentiam

196 2032 519 2075 condonabimus
549 2034 748 2088 scriptori,
794 2049 874 2076 non
915 2035 1039 2076 nescii
1087 2035 1266 2076 »minore
1305 2034 1468 2076 labore«
1514 2035 1649 2077 factos
1688 2049 1776 2076 esse
1810 2035 1932 2077 libros

196 2101 509 2156 philosophicos.
568 2102 664 2145 Non
705 2103 865 2155 desunt,
909 2118 1014 2158 quae
1055 2104 1273 2156 addantur,
1317 2104 1430 2146 velut
1467 2103 1646 2146 affertur
1677 2119 1702 2145 a
1733 2103 1931 2147 Cicerone

199 2170 296 2212 Tus.
327 2171 349 2212 I
381 2173 504 2225 §117
540 2171 705 2214 Solonis
735 2173 974 2215 distichum:

423 2251 564 2293 »Mors
594 2267 688 2295 mea
717 2268 768 2295 ne
800 2258 939 2295 careat
968 2254 1159 2305 lacrimis,
1191 2254 1425 2307 linquamus
1456 2254 1598 2295 amicis

419 2320 664 2374 Maerorem,
695 2326 742 2364 ut
771 2323 978 2364 celebrent
1008 2322 1157 2364 funcra
1187 2337 1279 2364 cum
1309 2323 1489 2377 gemitu«

418 2390 548 2446 Μηόέ
577 2407 653 2444 μοι
685 2385 926 2442 ἄκλαυστος
955 2387 1152 2441 θάνατος
1181 2389 1313 2445 μόλοι
1345 2384 1457 2432 οἷλλοέ
1492 2388 1685 2447 φίλοισιν

420 2454 709 2513 κᾶλλείποιμι
744 2455 889 2501 θανών
918 2455 1049 2516 ἄλγεα
1079 2459 1154 2502 καὶ
1184 2457 1406 2512 στοναχάς.

199 2540 279 2593 Qui
324 2554 463 2581 versus
508 2540 647 2582 Ennio
694 2542 751 2583 ita
795 2546 1075 2596 opponuntur,
1129 2543 1244 2596 quasi
1293 2541 1420 2584 Solon
1466 2544 1662 2595 queratur
1705 2541 1756 2582 de
1801 2544 1932 2582 morte

198 2613 408 2663 tamquam
454 2609 504 2651 de
545 2611 666 2652 malo.
737 2610 899 2652 Revera
943 2611 1095 2652 amicos
1140 2611 1215 2652 sibi
1259 2614 1439 2664 exoptat,
1481 2609 1628 2664 quibus
1673 2610 1798 2651 etiam
1839 2612 1933 2663 post

198 2683 367 2719 mortem
400 2694 519 2720 carus
549 2680 612 2721 sit.
672 2678 744 2722 Sic
772 2685 882 2721 recte
912 2679 1095 2721 eiusdem
1125 2678 1289 2721 distichi
1320 2692 1476 2720 memor
1504 2681 1568 2719 est
1598 2677 1683 2732 ipse
1714 2676 1860 2720 Cicero
1889 2677 1930 2718 in

200 2746 360 2788 Catone
392 2750 416 2799 ξ
446 2750 510 2789 73.

312 2816 433 2857 Unus
470 2816 566 2858 mihi
612 2821 741 2859 restat
779 2818 892 2859 locus
922 2817 1184 2871 Euripideus,
1228 2816 1279 2859 dc
1317 2830 1398 2870 quo
1437 2830 1572 2870 pauca
1608 2815 1802 2857 adnotem
1833 2813 1930 2856 Tus.

200 2885 223 2924 l.
257 2884 328 2925 ΙΙΙ
363 2889 386 2937 ξ
420 2888 483 2927 67.

320 3062 352 3099 1)
378 3062 531 3097 Tolkien
562 3062 714 3097 »Homer
743 3062 815 3096 und
845 3062 903 3096 (lio
933 3065 1020 3096 rom.
1048 3061 1195 3096 Poesie«
1225 3071 1310 3106 pag.
1336 3060 1392 3094 91.
