2159 3481
948 153 1227 193 —23-

228 277 252 327 ξ
285 278 305 316 7
339 276 499 329 scripsit
544 277 631 316 »cui
662 275 815 329 aliquid
846 275 1084 318 accedere
1115 281 1261 331 potest,
1291 277 1333 319 id
1365 277 1651 332 imperfectum
1681 283 1754 330 est,
1784 280 1847 321 cui
1881 280 1954 321 ali-

226 344 323 398 quid
353 343 620 385 abscedere
650 348 796 398 potest,
829 344 870 386 id
900 346 1186 399 inperpetuum
1206 350 1307 387 est«.
1368 346 1428 387 Ut
1448 360 1622 400 sequens
1644 346 1810 388 verbum
1840 352 1953 390 ante-

225 412 397 463 cedenti,
428 413 486 453 ita
515 413 772 454 antecedenti
805 413 1005 455 adiectivo
1026 414 1201 456 alterum
1226 419 1471 469 provocatur
1500 429 1550 456 ex
1581 416 1791 469 analogia3
1823 430 1954 471 neque

225 481 331 522 enim
363 495 536 534 usquam
566 486 728 535 praeter
756 482 865 524 hunc
894 482 1028 524 locum
1057 487 1193 524 exstat
1211 483 1455 525 vocabulum
1486 498 1522 538 q.
1543 498 1576 525 e.
1611 485 1953 539 »imperpetuus‹.

227 548 371 591 Cicero
401 554 540 591 autem
570 551 593 603 ξ
627 551 678 592 18
709 565 801 605 pag.
836 552 991 595 100018
1027 553 1084 593 sic
1113 553 1295 606 scripsit:
1330 566 1485 606 »neque
1515 554 1625 593 enim
1654 553 1742 594 ulla
1771 553 1953 595 decessio

224 617 315 659 fieri
355 623 528 672 poterat,
573 633 705 672 neque
744 620 946 661 accessio«
986 641 1029 653 =
1066 614 1226 677 ἆπήιει
1267 636 1314 662 τε
1354 618 1434 675 γὰρ
1465 617 1588 662 οὐδὲν
1618 617 1715 663 οὐδὲ
1745 616 1954 678 προσήιει

224 688 276 727 33
291 685 337 728 C.
397 687 520 729 Unde
558 688 647 729 luce
686 688 836 729 clarius
877 692 1051 742 apparet
1090 703 1165 730 nos
1202 694 1311 731 recte
1353 689 1554 731 iudicasse
1593 690 1643 732 de
1683 691 1817 745 priore
1852 691 1953 733 loco.

225 753 330 808 Quis
360 757 468 796 enim
498 760 571 808 est,
614 757 683 810 qui
713 760 832 810 putet
869 771 918 798 ex
947 757 1020 798 tali
1052 757 1268 800 verborum
1295 758 1436 800 ordine
1467 759 1640 801 existere
1671 760 1851 814 potuisse
1881 773 1954 814 per

224 823 457 878 analogiam
487 825 510 866 i.
541 839 577 879 q.
608 839 641 866 e.
674 823 1022 867 »abscessio«‘?

336 893 529 935 Alterum
549 893 782 936 huiusmodi
804 895 1037 948 exemplum
1056 894 1191 937 affero
1221 910 1271 937 ex
1293 894 1504 938 Ciceronis
1525 896 1696 938 Timaeo
1727 911 1819 951 pag.
1843 898 1946 941 9981

224 964 248 1016 ξ
280 964 303 1004 9
352 976 426 1004 »ex
464 962 697 1004 inordinato
734 964 776 1004 in
817 963 1001 1005 ordinem
1031 964 1228 1006 adduxit«
1261 985 1316 1000 =
1346 961 1395 1006 ἐν,
1423 964 1501 1022 τῆς
1529 961 1709 1016 ἀταξίας
1739 961 1804 1016 εἷς
1833 963 1954 1017 τάξιν

224 1026 371 1087 ἤγαγεν
401 1030 520 1083 30A,
549 1031 619 1073 ubi
649 1045 756 1073 nova
786 1032 921 1074 forma
952 1037 1162 1087 comparet
1191 1048 1227 1087 q.
1248 1048 1282 1075 e.
1317 1034 1700 1076 »inordinatus«.
1759 1034 1952 1076 Proxime

222 1104 360 1141 autem
389 1101 599 1154 praecedit
626 1115 718 1155 pag.
751 1103 829 1143 997
842 1121 878 1146 31
919 1102 1236 1144 »immoderate«
1255 1123 1310 1138 =
1332 1099 1598 1153 >>ἅτάκτως<<.
1655 1103 1800 1145 Potuit
1828 1104 1952 1145 inter-

220 1183 313 1223 pres
351 1164 530 1219 ἀταξίαν
568 1173 725 1211 vertere
765 1184 857 1211 cum
895 1171 1049 1213 diceret
1081 1171 1480 1225 »perturbationem«
1526 1172 1592 1225 (cf.
1623 1172 1729 1214 461¹]
1765 1167 1952 1214 ἄτακτον

220 1258 275 1273 =
306 1238 543 1280 inconstans
573 1242 614 1280 et
644 1239 989 1293 perturbatum
1020 1241 1176 1285 100015
1213 1242 1236 1294 ξ
1270 1242 1335 1293 51,
1373 1242 1437 1283 cui
1476 1242 1709 1296 oppositum
1745 1245 1809 1283 est
1843 1255 1951 1283 »mo-

220 1307 409 1349 deratum
439 1312 562 1362 atque
591 1313 809 1350 constans«
843 1323 935 1363 pag.
959 1311 1095 1355 10084
1129 1311 1153 1364 ξ
1175 1311 1228 1351 43
1261 1331 1316 1345 =
1345 1308 1622 1365 τεταγμένον),
1659 1311 1795 1365 potuit
1824 1311 1951 1352 etiam

225 1377 570 1429 »confusionem«,
600 1378 735 1431 potuit
764 1377 895 1429 aliter,
931 1378 1003 1420 sed
1032 1379 1175 1420 noluit.
1232 1378 1346 1421 Nam
1375 1380 1418 1420 in
1447 1380 1647 1422 eiusmodi
1675 1379 1834 1434 figuris,
1863 1381 1951 1434 qui-

219 1446 295 1487 bus
325 1446 513 1487 notiones
543 1447 773 1488 contrariae
812 1447 919 1488 inter
957 1461 1000 1488 se
1037 1452 1310 1501 opponuntur,
1351 1463 1479 1490 unum
1518 1448 1773 1499 voca-bulum,
1816 1448 1953 1503 quoad

219 1514 311 1556 fieri
338 1515 484 1568 potuit,
513 1515 738 1556 tenendum
767 1515 860 1557 fuit.
919 1514 990 1558 Sic
1019 1517 1128 1558 enim
1159 1521 1423 1571 opponuntur
1441 1517 1661 1559 honestum
1690 1522 1732 1559 et
1761 1517 1951 1559 inhones-

220 1588 319 1635 tum,
349 1598 497 1638 purum
527 1585 743 1638 impunnn,
775 1585 833 1626 sic
863 1585 946 1626 alia
975 1589 1172 1627 sescenta.
1234 1585 1300 1628 Cf.
1323 1585 1408 1628 Cic.
1431 1585 1596 1628 Tuscul.
1627 1585 1701 1627 HI
1733 1588 1757 1640 ξ
1781 1587 1833 1628 10
1869 1587 1952 1627 »ita

219 1652 282 1704 fit,
314 1656 361 1694 ut
390 1654 644 1707 sapientia
674 1655 867 1695 sanitas
898 1655 953 1696 sit
981 1655 1120 1706 animi,
1150 1655 1450 1709 insipientia
1477 1659 1617 1697 autem
1646 1657 1785 1709 quasi
1818 1656 1950 1696 insa-

220 1722 352 1763 nitas
381 1722 595 1776 quaedam,
636 1737 741 1776 quae
772 1727 835 1764 est
863 1724 1026 1764 insania
1055 1723 1280 1778 eademque
1309 1724 1556 1766 dementia«.
1618 1723 1684 1767 Cf.
1715 1724 1836 1766 Pauli
1867 1724 1950 1778 epi-

219 1791 329 1832 stula
358 1791 412 1833 ad
443 1790 664 1834 Corinthos
694 1792 718 1833 Ι
750 1794 814 1844 15,
844 1794 898 1833 42
948 1790 1199 1848 »σπείρεται
1237 1789 1280 1835 ἐν
1319 1794 1506 1850 φθορᾶι,
1552 1789 1755 1848 ἐγείρεται
1795 1791 1838 1834 ἐν
1868 1789 1951 1849 οἶφ-

221 1856 428 1914 θαρσίακ<
463 1861 487 1901 i.
517 1875 554 1914 q.
584 1864 795 1903 verterunt
828 1863 1078 1904 »seminatur
1107 1863 1150 1903 in
1181 1863 1517 1917 corruptione,
1548 1867 1689 1917 surget
1718 1863 1761 1904 in
1791 1863 1950 1905 incor-

219 1931 490 1984 ruptione«.

332 1997 529 2040 Afferam
559 1998 745 2053 denique,
787 2003 835 2040 ut
870 1999 1016 2041 harum
1054 2014 1191 2041 rerum
1220 2000 1350 2042 finem
1386 2000 1550 2053 faciam,
1595 1999 1804 2043 Graecum
1833 2013 1952 2041 voca-

219 2066 371 2119 bulum,
415 2067 523 2121 quod
560 2081 643 2108 non
683 2067 807 2109 semel
846 2072 1003 2109 vertere
1033 2068 1210 2110 debebat
1242 2068 1387 2112 Cicero
1419 2095 1472 2099 —
1503 2069 1586 2111 scil.
1617 2061 1770 2118 ἁπτός.
1830 2068 1952 2110 Dixit

219 2150 311 2190 pag.
341 2137 469 2180 99621
520 2136 596 2187 »id‚
635 2136 744 2190 quod
779 2137 986 2191 tangitur«
1022 2158 1076 2172 =
1104 2136 1232 2192 Apul.
1263 2137 1314 2180 de
1344 2137 1479 2192 dogm.
1511 2137 1620 2179 Plat.
1649 2137 1674 2179 I
1705 2153 1737 2180 c.
1769 2140 1812 2189 83
1857 2151 1950 2191 pag.

220 2206 346 2249 99931
403 2205 470 2246 »id
509 2205 617 2259 quod
653 2207 798 2259 tangi
837 2209 1027 2260 potest«
1061 2226 1117 2242 =
1146 2205 1275 2261 Apul.
1305 2206 1356 2248 de
1386 2206 1522 2261 dogm.
1552 2206 1660 2248 Plat.
1692 2206 1715 2248 I
1746 2208 1772 2248 8
1819 2206 1951 2261 »quod

219 2288 343 2315 manu
374 2275 559 2327 attingi
589 2278 805 2328 potest«;
851 2289 943 2329 pag.
974 2276 1103 2320 99928
1154 2275 1219 2317 »id
1248 2275 1358 2330 quod
1388 2275 1464 2318 sub
1493 2280 1682 2318 tactum
1712 2276 1858 2318 cadat«
1895 2295 1950 2311 =

221 2340 316 2384 Sen.
338 2356 399 2397 ep.
421 2345 474 2384 58
507 2344 605 2397 §16
641 2343 706 2385 »id
735 2344 844 2398 quod
874 2348 1015 2386 tactu
1045 2344 1442 2399 comprehenditur«.
1503 2344 1570 2388 Cf.
1600 2344 1786 2387 Macrob.
1809 2344 1949 2388 Somn.

221 2410 330 2466 Scip.
360 2426 453 2466 pag.
484 2413 614 2457 49015
650 2412 770 2468 Eyss.
805 2413 1018 2466 mundus,
1058 2415 1127 2468 qui
1159 2418 1202 2455 et
1230 2415 1361 2456 visum
1391 2418 1602 2469 pateretur
1640 2418 1683 2456 et
1721 2418 1950 2455 tactum«.

221 2478 378 2521 Contra
421 2495 512 2535 pag.
544 2483 671 2526 99831
721 2483 745 2535 ξ
779 2484 829 2523 13
885 2482 993 2524 idem
1036 2482 1279 2525 vocabulum
1323 2484 1555 2538 exprimens
1599 2483 1704 2525 dixit
1749 2484 1951 2537 interpres

225 2548 501 2591 »tractabile«.
561 2548 676 2593 Cur‘?
735 2550 870 2593 Locus
900 2552 986 2606 ipse
1016 2552 1283 2606 respondeat3
1328 2556 1391 2594 est
1420 2553 1529 2594 enim
1560 2552 1627 2594 hic
1671 2551 1949 2606 »Corporeum

221 2622 358 2659 autem
397 2622 440 2659 et
478 2620 789 2673 aspectabile
833 2622 1048 2675 itemque
1088 2621 1361 2663 tractabile
1402 2636 1522 2663 omne
1562 2635 1727 2664 necesse
1757 2624 1950 2672 estesse,

219 2686 328 2740 quod
358 2691 501 2729 natum
531 2692 633 2730 est«.

496 2902 593 2944 III.
623 2902 793 2957 Caput:
841 2904 908 2946 De
939 2904 1143 2948 Homero
1175 2906 1464 2958 tragicisque
1496 2905 1666 2960 poetis.

332 3026 375 3068 A
407 3027 582 3068 Platone
619 3027 975 3083 »philosophorum
1007 3029 1214 3072 Homero«
1251 3030 1432 3083 (Tuscul.
1464 3031 1483 3072 I
1518 3033 1586 3083 79)
1625 3031 1761 3073 facilis
1791 3036 1853 3073 est
1883 3032 1949 3072 via

220 3095 271 3138 ad
305 3097 435 3152 ipsum
453 3096 682 3140 Homerum
713 3101 947 3154 ceterosque
979 3102 1131 3156 poetas,
1191 3099 1263 3143 Ad
1293 3114 1394 3157 quos
1425 3101 1660 3157 priusquam
1694 3100 1947 3152 accedamus,
