2159 3481
965 221 1019 226 -.
1078 198 1103 237 8
1163 222 1217 226 —

263 351 270 358 .
303 351 310 359 .
342 318 507 360 abditur
540 351 547 358 .
579 351 586 358 .
620 351 628 358 .
661 318 747 360 obit
777 352 784 359 .
818 352 825 360 .
858 352 865 360 .
897 320 1052 362 cadunt
1080 320 1199 375 lapsu
1328 322 1447 374 abit1)
1478 323 1612 366 infera
1644 326 1686 366 in
1716 325 1817 367 loca,
1878 325 1955 369 Cui

221 387 309 428 loco
340 387 548 429 antecedit
577 389 693 441 quasi
725 388 939 442 catalogus
969 403 1286 444 synonymorum
1328 391 1367 431 in
1407 406 1491 433 una
1533 393 1738 435 »oriendi«
1772 395 1956 436 notione:

220 455 272 496 cf.
303 456 385 496 459
398 470 455 509 sq.
520 455 648 497 »Inde
681 454 983 511 Sagittipotens
1014 471 1183 512 superas
1213 473 1306 500 cum
1336 460 1463 502 visere
1495 460 1607 503 luces
1637 463 1798 514 institit,
1828 477 1955 505 emer-

219 525 281 577 git
309 523 409 565 Nixi
455 529 580 579 caput
621 529 663 566 et
708 526 828 567 simul
875 525 1001 567 effert
1038 525 1139 568 Sese
1184 527 1297 569 clara
1339 527 1466 570 Fides
1510 534 1552 571 et
1591 531 1743 584 promit
1784 535 1957 585 pectora

222 590 438 646 Cepheus«
474 593 645 644 (Wfflffl
675 594 804 636 Arch.
837 593 936 636 XII
965 609 1058 649 pag.
1092 597 1200 646 537).

331 660 429 703 Non
460 663 616 704 minore
647 664 846 705 varietate
885 668 982 705 sunt
1020 666 1234 719 compositi
1265 679 1343 707 vss.
1373 668 1597 708 453—456
1629 668 1856 721 prolabitur

218 729 376 783 profert
405 762 414 771 .
445 764 452 772 .
486 764 493 772 .
524 733 722 784 exoritur,
767 733 830 774 vel
861 734 1086 775 448—450
1118 738 1261 775 exorta
1291 733 1480 777 Coronae
1516 750 1611 790 pars
1642 769 1650 777 .
1682 769 1689 777 .
1722 769 1730 777 .
1760 737 1957 792 panditur

217 797 369 853 Hydra
397 832 405 840 .
437 832 445 840 .
476 832 484 840 .
515 801 638 855 eripit
666 815 709 843 se
740 800 986 853 Centaurus,
1016 803 1078 843 vel
1111 804 1347 855 386—391,
1379 804 1460 844 alii.

331 866 447 909 Nihil
478 868 544 911 hic
574 869 708 911 dicam
739 870 790 911 de
819 871 878 911 eis
909 870 1127 924 vocabulis,
1158 886 1264 925 quae
1285 872 1338 914 ad
1358 886 1521 914 cursum
1542 874 1721 915 siderum
1742 875 1955 930 lucemque

217 937 441 989 pertinent:
473 938 578 979 mira
607 939 716 980 enim
747 943 811 980 est
840 940 968 993 copia.
1027 939 1124 981 Hoc
1143 944 1308 982 tantum
1329 941 1437 983 addo
1460 940 1701 984 Ciceronem
1732 957 1812 985 non
1832 943 1955 986 modo

217 1004 258 1045 in
289 1005 348 1046 eis
377 1006 623 1059 notionibus,
668 1021 771 1061 quas
813 1008 946 1060 attuli,
991 1008 1062 1050 sed
1103 1010 1269 1051 omnino
1308 1024 1381 1064 per
1419 1015 1552 1052 totum
1591 1026 1755 1054 carmen
1787 1026 1954 1067 operam

216 1072 387 1126 dedisse,
417 1079 464 1116 ut
493 1075 667 1117 eandem
696 1090 782 1118 rem
812 1077 894 1118 alio
924 1091 1085 1131 semper
1113 1078 1234 1120 modo
1264 1078 1465 1121 redderet.

215 1140 364 1196 Itaque
394 1157 429 1184 v.
465 1145 546 1185 170
575 1143 680 1185 dixit
714 1149 925 1199 »expertes
955 1147 1156 1187 nominis«
1190 1161 1225 1187 v.
1258 1149 1279 1188 7
1313 1147 1435 1188 simili
1467 1149 1600 1202 spatio

402 1244 422 1264 „
465 1214 544 1254 182
714 1214 825 1255 »sine
856 1215 1045 1256 nomine«
1202 1247 1223 1267 „
1261 1217 1343 1257 296
1375 1229 1506 1270 aequo
1536 1218 1670 1271 spatio

400 1313 420 1332 „
465 1282 547 1323 400
715 1296 891 1324 »vacans
920 1284 1109 1325 nomine«
1201 1317 1222 1336 „
1259 1285 1340 1326 316
1371 1286 1461 1340 pari
1501 1287 1635 1340 spatio
1677 1287 1743 1341 (cf.
1774 1288 1867 1330 adn.
1899 1290 1951 1342 2).

328 1348 470 1391 Multa
498 1354 673 1403 exstant,
703 1365 808 1405 quae
838 1352 1021 1394 eiusdem
1051 1354 1212 1407 generis
1241 1354 1342 1395 sint:
1387 1354 1500 1396 velut
1528 1355 1736 1397 sollemnis
1767 1357 1953 1399 clausula

214 1431 287 1471 per
331 1418 599 1472 spondiacum
648 1416 900 1477 ἐστήρικται
951 1419 1115 1463 Scimus
1165 1422 1409 1476 spondiacos
1456 1422 1645 1465 Ciceroni
1689 1438 1950 1480 nequaquam

214 1486 256 1526 in
299 1485 454 1528 deliciis
499 1487 628 1529 fuisse
674 1487 859 1542 (Norden
901 1488 1009 1530 Aen.
1040 1489 1106 1532 VI
1144 1504 1239 1544 pag.
1271 1492 1380 1542 434).
1454 1490 1574 1546 Quae
1615 1507 1707 1533 cum
1752 1494 1812 1535 ita
1856 1495 1950 1547 sint,

215 1554 317 1596 adeo
356 1569 437 1596 non
479 1556 664 1598 imitatur
704 1558 904 1612 interpres
935 1557 1143 1601 Graecum
1179 1564 1356 1613 poetam,
1400 1564 1447 1601 ut
1487 1565 1551 1602 ter
1587 1563 1806 1616 repetitam
1837 1563 1950 1605 illam

215 1623 442 1666 clausulam
473 1625 593 1666 aliter
630 1626 712 1667 alio
742 1640 861 1668 versu
891 1628 1059 1669 verterit
1094 1627 1146 1669 cf.
1177 1627 1254 1670 Ar.
1285 1630 1367 1670 230
1409 1624 1554 1684 ὀλίγον
1593 1628 1672 1684 γὰρ
1704 1625 1785 1671 ὑπ’
1815 1627 1951 1689 αὐτήν

214 1689 462 1749 ἐστήρικται
506 1715 550 1727 ==
593 1708 615 1735 e
662 1694 808 1749 quibus
848 1695 958 1737 hunc
1003 1696 1143 1738 subter
1185 1698 1317 1751 possis
1361 1711 1605 1752 cognoscere
1649 1699 1802 1742 fultum
1846 1716 1880 1742 v.
1915 1704 1949 1743 1.

213 1760 290 1802 Ar.
312 1762 394 1803 274
426 1759 584 1819 (Λύρη)
614 1760 662 1804 δὲ
690 1761 849 1820 μεσηγύ
877 1758 1102 1821 Ὀρνιθέης
1132 1765 1327 1823 κεφαλῆς
1357 1765 1429 1808 καὶ
1462 1761 1669 1822 γούνατος
1700 1765 1950 1825 ἐστήρικται

218 1851 261 1864 z
297 1829 415 1872 Inter
444 1831 600 1873 flexum
630 1847 761 1886 genus
790 1837 833 1874 et
861 1838 986 1888 caput
1016 1834 1146 1876 Alitis
1176 1835 1312 1877 haesit
1339 1837 1405 1877 46.
1464 1836 1540 1877 Ar.
1572 1839 1651 1878 351
1691 1836 1763 1879 καὶ
1793 1834 1834 1879 οὶ
1866 1855 1950 1896 πη-

213 1896 364 1941 δάλιον
423 1900 736 1954 κεχαλασμένον
783 1898 1052 1958 ἑστήρικταιῑ
1115 1903 1454 1946 Gubernaculum
1504 1906 1688 1960 pendens
1737 1922 1762 1948 a
1810 1922 1947 1962 puppe

211 1968 376 2010 volante
409 1971 486 2010 137
520 1969 763 2025 (Maybaum
794 1986 886 2025 pag.
918 1974 969 2025 7).
1027 1972 1080 2014 Id
1120 1974 1246 2027 igitur
1282 1974 1480 2015 vertendo
1521 1976 1680 2029 assequi
1722 1976 1811 2017 vult
1848 1976 1947 2018 adu-

212 2037 378 2089 lescens,
418 2042 466 2079 ut
503 2038 636 2080 discat
665 2040 854 2094 copiosus
893 2054 991 2082 esse.
1054 2040 1318 2096 Quapropter
1348 2057 1551 2097 nusquam
1589 2058 1670 2085 uno
1702 2045 1823 2087 verbo
1853 2059 1947 2087 con-

210 2108 349 2147 tentus
379 2111 458 2148 est:
502 2108 696 2162 inspicias
727 2108 851 2150 Arati
883 2124 938 2150 vs.
971 2111 1149 2162 54—57,
1194 2111 1322 2153 habes
1363 2126 1491 2154 unum
1532 2112 1699 2155 verbum
1735 2110 1948 2168 »ἐπιλάμ-

211 2190 386 2227 πετακ<,
434 2176 532 2230 quid
577 2181 721 2219 contra
762 2178 872 2233 apud
919 2177 1191 2221 Ciceronem?
1270 2180 1408 2222 »Huic
1452 2195 1534 2222 non
1580 2196 1664 2224 una
1705 2183 1826 2225 modo
1858 2216 1866 2224 .
1899 2216 1906 2224 .
1939 2216 1946 2224 .

209 2244 330 2286 stella
358 2245 522 2297 relucet,
568 2245 725 2290 Verum
756 2252 942 2302 tempora
972 2253 1070 2290 sunt
1098 2249 1251 2304 duplici
1281 2249 1442 2304 fulgore
1473 2255 1629 2303 notata,
1675 2251 1714 2293 E
1745 2252 1945 2294 trucibus-

208 2328 287 2367 que
318 2314 446 2356 oculis
476 2314 557 2355 duo
588 2315 749 2357 fervida
778 2316 937 2358 lumina
966 2317 1162 2371 flagrant,
1193 2317 1336 2372 Atque
1366 2333 1447 2361 uno
1478 2324 1664 2362 mentum
1695 2354 1703 2361 .
1735 2353 1743 2362 .
1775 2353 1783 2361 .
1815 2320 1946 2362 sidere

209 2381 355 2423 lucet«.
418 2382 512 2437 Quo
543 2384 720 2425 artificio
751 2400 875 2439 quam
905 2387 1115 2440 pueriliter
1144 2387 1296 2429 abusus
1325 2389 1388 2440 sit,
1429 2393 1629 2443 appareat
1657 2404 1705 2431 ex
1737 2390 1947 2431 versiculis

207 2449 258 2491 de
288 2450 405 2492 Alite
435 2454 488 2493 49
501 2466 559 2507 sq.
588 2453 736 2507 quibus
766 2455 889 2495 vertit
918 2454 993 2496 Ar.
1024 2470 1058 2496 v.
1091 2457 1172 2496 276
1218 2451 1333 2497 »ἀλλ’
1368 2451 1390 2498 ὁ
1421 2454 1500 2510 μὲν
1530 2452 1709 2512 ἠερόεις,
1740 2453 1793 2499 τὰ
1823 2457 1871 2500 δέ
1902 2454 1943 2499 οἱ

206 2513 282 2559 ἔπι
316 2518 588 2577 τετρήχυνται
618 2517 822 2576 ἀστράσιν
854 2517 948 2565 οὔτι
979 2520 1076 2581 λίην
1103 2522 1318 2579 μεγάλοις,
1357 2518 1470 2580 οἷτοέρ
1501 2519 1553 2568 οὗ
1580 2525 1657 2580 μὲν
1689 2522 1943 2582 α’φαυροῖς(«.

212 2586 386 2630 »Altera
415 2605 510 2643 pars
541 2590 636 2632 huic
666 2591 841 2633 obscura
870 2597 933 2633 est
962 2597 1004 2634 et
1032 2593 1199 2635 luminis
1229 2608 1374 2648 expers
1403 2594 1556 2637 Altera
1592 2610 1668 2637 nec
1703 2597 1840 2650 parvis
1870 2611 1946 2638 nec

206 2656 326 2697 claris
358 2658 516 2701 lucibus
547 2660 702 2701 ardet«.
763 2661 846 2702 His
875 2661 1035 2703 duobus
1065 2662 1242 2704 debebat
1271 2668 1489 2706 contentus
1519 2678 1626 2715 esse3
1659 2669 1797 2706 tamen
1829 2666 1946 2708 addit

211 2723 319 2767 »Sed
341 2727 542 2769 mediocre
578 2730 673 2770 iacit
692 2730 882 2783 quatiens
914 2745 935 2772 e
966 2745 1133 2785 corpore
1162 2732 1325 2773 lumen«
1359 2733 1458 2786 quid
1489 2733 1602 2774 aliud
1633 2739 1834 2787 spectans,
1866 2736 1941 2776 nisi

205 2798 252 2834 ut
282 2793 466 2847 fulgendi
499 2798 707 2839 notionem
738 2812 861 2852 quam
901 2800 1078 2841 maxime
1117 2804 1256 2853 posset
1293 2798 1502 2841 variaret?
1562 2801 1686 2843 Adde
1718 2804 1773 2844 sis
1803 2817 1943 2845 versus

323 2911 356 2954 1)
382 2910 441 2945 Sic
473 2912 568 2946 enim
607 2913 760 2959 scripsit
788 2914 933 2953 Cicero:
975 2915 1096 2950 »obire
1137 2916 1208 2958 in«,
1250 2918 1292 2950 ut
1331 2916 1527 2959 traditum,
1567 2929 1750 2963 nusquam
1790 2918 1939 2953 dicitur.

205 2969 304 3003 Idem
342 2981 443 3004 error
481 2971 717 3006 librariorum
757 2973 793 3007 in
821 2973 902 3008 Son.
929 2985 983 3019 ep.
1011 2973 1053 3008 21
1083 2975 1102 3018 ἓ
1128 2975 1150 3009 5
1184 2975 1246 3009 ubi
1283 2975 1386 3019 legas
1426 2976 1482 3009 ·›==in
1509 2976 1700 3011 silentium
1728 2977 1850 3012 abire«
1895 2979 1939 3012 cs.

204 3039 258 3073 ep.
287 3028 341 3070 94,
370 3029 412 3064 17
440 3030 599 3065 abibunt
626 3031 661 3065 in
690 3044 822 3066 vanum
851 3033 971 3067 verba.
1023 3033 1067 3066 cf.
1096 3032 1265 3068 German.
1294 3046 1324 3067 v.
1352 3034 1431 3069 599.

321 3088 356 3133 2)
383 3089 428 3123 cs.
447 3088 539 3124 Tim.
559 3090 603 3124 31
626 3090 655 3124 B
678 3092 866 3136 χωρισθὲν
894 3089 1007 3136 πυρός
1032 3109 1074 3120 =
1104 3093 1202 3137 »igni
1230 3104 1403 3128 vacuum«
1431 3105 1514 3139 pag.
1542 3093 1660 3138 998³„
1686 3091 1771 3128 ἄνευ
1796 3099 1941 3140 στερεοῦ

204 3163 245 3174 -—-
278 3147 393 3192 »quod
421 3151 547 3183 careat
573 3149 708 3185 solido«
739 3161 820 3196 pag.
848 3151 956 3195 999„
983 3147 1068 3184 ἄνευ
1092 3154 1158 3197 γῆς
1189 3168 1222 3183 =
1256 3155 1396 3187 »terrae
1422 3164 1573 3199 expers«
1601 3165 1682 3199 pag.
1709 3153 1810 3199 9992.
