2159 3481
554 234 623 277 »Si
656 234 754 275 mihi
786 249 895 275 nunc
924 234 1053 275 tristis
1082 235 1257 287 primum
1291 233 1503 274 inluxisset
1532 232 1619 273 dies

555 302 668 344 »Nec
697 306 782 344 tam
813 316 1053 344 aerumnoso
1083 303 1381 355 navigavissem
1411 301 1511 353 salo,

554 371 703 412 »Esset
731 371 894 413 dolendi
927 385 1063 422 causa,
1093 375 1140 412 ut
1168 371 1317 412 iniecto
1347 370 1475 411 eculei

553 439 711 481 »Eteno
740 443 908 494 repente
930 443 1052 481 ‚tactu
1081 440 1343 493 exagitantur
1374 451 1497 489 n0v03

552 507 661 551 »Sed
691 509 773 549 iam
802 507 995 549 subactus
1024 508 1196 549 miseriis
1226 507 1453 561 obtorpui«.

549 573 603 618 Εἰ
631 574 708 630 μὲν
737 573 831 617 τόδ’
863 568 978 630 ἦμαρ
1009 575 1182 631 πρῶτον
1212 568 1263 632 ἦν
1292 573 1557 628 κακουμένωι

548 643 622 686 καὶ
650 640 709 700 μὴ
740 641 908 699 μακράν
937 642 990 701 δὴ
1023 641 1096 685 dno?
1130 641 1279 686 πόνων
1309 637 1592 685 ἐναυστόλουν

549 707 664 763 εἰκός
693 707 953 769 σφαδάιζειν
982 704 1033 768 ἦν
1062 706 1112 753 ὄῖν
1142 707 1202 761 ῶς
1231 708 1403 766 νεόζυγα

549 780 701 822 πῶλον
728 778 899 833 χαλινὸν
928 775 1088 835 ἀρτίως
1118 778 1366 835 δεδεγμένον

548 849 620 890 νῦν
650 847 698 891 δὲ
726 845 896 903 ἀμβλύς
925 845 1015 902 εἶμι
1045 847 1120 891 καὶ
1152 846 1420 904 κατηρτυκὼς
1451 847 1630 889 κακῶν<<.

1516 915 1666 958 Nauck
1695 930 1786 969 pag.
1819 916 1912 956 628.

243 1011 295 1052 In
343 1010 544 1064 Stephani
590 1010 801 1052 Thesauro
852 1025 882 1052 s.
913 1026 947 1051 v.
999 1006 1253 1066 σφαδάιζειν
1302 1013 1437 1051 exstat
1484 1013 1585 1051 nota
1638 1009 1782 1050 »vertit
1828 1006 1972 1049 Cicero

249 1082 388 1120 »tactu
425 1093 530 1120 novo
569 1080 808 1133 exagitari«.
867 1078 963 1120 Hoc
999 1079 1140 1120 statim
1179 1092 1325 1120 moneo
1370 1082 1508 1120 »tactu
1538 1092 1665 1120 novo«
1708 1077 1811 1118 nihil
1849 1076 1972 1130 perti-

242 1162 338 1189 nere
368 1147 422 1189 ad
466 1149 705 1190 versionem.
767 1147 851 1190 Sed
893 1148 1124 1189 accuratius
1166 1147 1387 1199 videamus,
1431 1162 1536 1201 quae
1581 1161 1644 1188 res
1687 1147 1749 1187 sit.
1810 1144 1974 1188 Graeca

242 1216 367 1258 verba
395 1217 454 1258 sic
484 1217 679 1270 intellego
719 1213 833 1265 εἰκός
873 1210 925 1257 ἄν
954 1209 1006 1272 ἦν
1037 1210 1304 1272 σφαδάιζειν,
1346 1211 1404 1266 ὡς
1442 1212 1559 1265 εἰκός
1597 1213 1688 1257 ἐστι
1720 1211 1974 1270 σφαδάιζειν

244 1284 394 1327 πῶλον
436 1285 526 1326 κτλ.
599 1285 724 1327 Patet
768 1285 871 1327 duas
914 1286 1101 1327 notiones
1146 1286 1279 1327 inesse
1323 1285 1445 1327 verbo
1487 1282 1751 1341 σφαδάιζειν,
1800 1283 1973 1324 alteram

242 1355 460 1409 propriam,
508 1355 680 1396 alteram
723 1354 929 1395 tralatam.
1004 1354 1128 1395 Illam
1170 1355 1370 1408 expressit
1417 1353 1562 1397 Cicero
1606 1352 1727 1394 verbo
1777 1351 1971 1405 »exagi-

241 1424 386 1464 tari«.
444 1422 585 1475 Recte,
627 1427 674 1464 ut
703 1427 873 1477 apparet
903 1438 952 1464 ex
993 1423 1146 1465 scholio
1187 1423 1240 1465 ad
1272 1422 1398 1477 Soph.
1428 1422 1499 1464 Ai.
1530 1424 1611 1464 833
1643 1416 1898 1478 σφαδάιζειν
1927 1413 1966 1460 δ’

244 1488 393 1546 ἔλεγον
422 1487 471 1534 τὸ
503 1493 714 1534 σπᾶσθαι
745 1490 819 1533 καὶ
853 1489 1143 1548 σφακελίζεινς
1184 1497 1226 1533 et
1254 1507 1304 1534 ex
1334 1492 1544 1547 Hesychio
1575 1506 1605 1533 s.
1637 1506 1672 1532 v.
1703 1486 1971 1545 σφακελίζει·

242 1563 381 1602 κινεῖ
421 1560 614 1611 δεινῶς.
675 1559 890 1602 Tralatam
921 1565 1060 1602 autem
1091 1561 1438 1615 significationem
1477 1564 1524 1602 ut
1552 1561 1797 1615 exprimeret
1828 1557 1972 1600 Cicero

242 1629 402 1672 addidit
432 1629 601 1671 verbum
635 1629 921 1671 »dolendi«.
980 1629 1159 1684 Optime,
1205 1634 1308 1672 teste
1338 1629 1548 1685 Hesychio
1586 1644 1615 1670 s.
1646 1644 1682 1671 v.
1712 1621 1970 1684 σφαδάιζει·

239 1698 443 1751 χαλεπῶς
482 1696 625 1754 φέρει·
669 1698 927 1754 δυσφορεῖ.
986 1698 1155 1740 Addam
1194 1699 1425 1740 huiusmodi
1458 1699 1632 1740 alterum
1662 1696 1893 1751 exemplum
1923 1709 1972 1735 ex

243 1766 459 1821 Sophocle.
519 1766 724 1808 Hercules
769 1767 969 1820 gloriatur
1017 1761 1180 1808 »ἄλλων
1225 1782 1269 1808 τε
1312 1765 1493 1819 μόχθων
1535 1764 1697 1821 μυρίων
1741 1759 1973 1821 ἐγευσάμην

240 1832 409 1885 κούδείς
437 1831 614 1890 τροπαῖ)
649 1831 803 1892 ἔστησε
833 1836 917 1876 τῶν
947 1831 1060 1889 ἐμῶν
1087 1837 1232 1891 χερῶν.
1292 1835 1377 1877 Hic
1397 1836 1545 1877 tralate
1566 1836 1670 1877 dixit
1691 1838 1814 1889 poeta
1840 1833 1972 1888 χερῶν

240 1918 314 1958 pro
344 1918 403 1956 eo,
440 1904 549 1958 quod
578 1918 774 1945 manuum
805 1903 957 1945 viribus
987 1909 1166 1959 paratur.
1227 1904 1371 1948 Cicero
1401 1909 1442 1946 et
1471 1905 1678 1959 propriam
1708 1908 1750 1945 et
1778 1904 1971 1945 tralatam

240 1972 584 2027 significationem
614 1974 823 2027 expressit.
883 1972 995 2014 Nam
1023 1973 1124 2015 dicit

480 2064 644 2107 »Multa
674 2066 757 2106 alia
786 2066 930 2107 victrix
960 2070 1102 2107 nostra
1130 2067 1321 2108 lustravit
1350 2080 1520 2108 manus

479 2133 592 2176 »Nec
621 2135 835 2188 quisquam
866 2149 887 2175 e
918 2135 1068 2176 nostris
1097 2135 1270 2189 spoliam
1301 2135 1410 2189 cepit
1439 2134 1712 2177 laudibus«.

357 2227 424 2268 De
455 2226 656 2280 Euripide
687 2227 789 2269 haec
818 2227 1028 2269 hactenus.
1087 2226 1291 2279 Vidimus,
1335 2231 1381 2269 ut
1411 2242 1612 2269 summam
1643 2227 1807 2279 faciam,
1852 2227 1971 2268 aliter

240 2294 481 2337 Ciceronem
520 2295 780 2336 transtulisse
813 2294 1056 2349 Euripidem
1095 2310 1143 2337 ac
1173 2294 1430 2350 Sophoclem,
1476 2296 1596 2338 aliter
1626 2295 1872 2350 Sophoclem
1910 2300 1970 2336 at-

237 2378 316 2418 que
336 2362 603 2418 Aeschylum.
664 2362 832 2406 Sciebat
861 2364 969 2405 enim
1000 2367 1083 2405 tres
1112 2364 1204 2405 illos
1234 2369 1376 2419 poetas
1405 2366 1445 2406 in
1477 2379 1628 2418 genere
1650 2364 1848 2406 scribendi
1881 2378 1969 2405 esse

240 2433 345 2473 inter
374 2446 416 2473 se
447 2432 666 2474 dissimiles
708 2432 759 2474 cf.
789 2433 840 2474 de
871 2436 1030 2474 oratore
1062 2432 1135 2474 III
1166 2434 1216 2474 ‘27
1263 2433 1430 2488 »Atque
1472 2434 1512 2476 id
1550 2435 1727 2488 primum
1767 2434 1808 2474 in
1838 2434 1969 2487 poetis

238 2501 347 2542 cerni
378 2501 489 2552 licet,
519 2516 663 2555 quam
693 2502 797 2542 sint
827 2502 956 2543 inter
986 2516 1092 2543 sese
1123 2534 1132 2543 .
1164 2534 1172 2542 .
1203 2535 1212 2543 .
1242 2535 1250 2543 .
1281 2502 1553 2544 dissimiles
1584 2535 1592 2543 .
1624 2536 1631 2544 .
1662 2535 1670 2543 .
1704 2535 1711 2543 .
1744 2502 1967 2556 Aeschy-

238 2569 330 2620 lus,
377 2567 671 2623 Sophocles,
722 2570 1007 2625 Euripides,
1054 2585 1303 2625 quamquam
1348 2572 1536 2614 omnibus
1581 2587 1656 2626 par
1701 2585 1831 2626 paene
1876 2571 1966 2612 laus

240 2638 280 2678 in
311 2637 497 2679 dissimili
528 2638 728 2681 scribendi
757 2653 906 2693 genere
936 2639 1180 2681 tribuatur«.

350 2704 446 2747 Scio
484 2709 765 2760 quaestionem
806 2709 857 2750 de
889 2707 1087 2751 Cicerone
1128 2709 1347 2763 interprete
1379 2708 1632 2751 Graecorum
1674 2710 1839 2750 minime
1880 2723 1968 2750 esse

240 2774 484 2816 absolutam.
545 2775 685 2817 Multa
714 2778 823 2818 enim
854 2781 1023 2828 restant,
1065 2792 1170 2830 quae
1201 2792 1226 2818 a
1256 2777 1371 2818 nobis
1409 2782 1451 2818 et
1489 2778 1570 2818 alio
1601 2778 1689 2818 loco
1719 2782 1760 2819 et
1790 2778 1870 2819 alia
1904 2792 1967 2819 oc·

238 2843 400 2884 casione
431 2843 700 2897 proferentur.
760 2844 1040 2897 Ostendimus,
1075 2845 1209 2899 quoad
1240 2845 1360 2887 liuius
1391 2846 1572 2900 opusculi
1606 2860 1693 2887 esse
1724 2850 1896 2900 poterat.
1927 2851 1969 2888 et

237 2911 354 2964 quid
396 2912 650 2965 potissimum
683 2915 849 2954 verterit
880 2914 1076 2967 interpres
1108 2938 1161 2942 —
1193 2915 1397 2955 orationes
1428 2915 1583 2955 scilicet
1614 2939 1679 2965 —,
1718 2919 1759 2956 ct
1789 2915 1967 2969 quibus

238 2980 442 3020 auxiliis
473 2995 588 3021 usus
619 2982 684 3022 sit
713 3007 768 3011 —
798 2982 961 3023 scholiis
992 2982 1146 3023 scilicet
1178 3008 1228 3012 -
1260 2986 1302 3023 et
1334 2997 1419 3023 cur
1450 2985 1615 3024 verterit
1645 2988 1687 3024 ct
1715 2984 1965 3038 quomodo,

238 3047 305 3089 Do
337 3051 424 3090 arte
455 3052 592 3090 autem
624 3049 738 3091 nobis
759 3049 1074 3105 disputantibuS,
1107 3051 1205 3093 illud
1235 3065 1395 3107 sempor
1426 3052 1465 3093 in
1497 3053 1634 3095 animo
1664 3067 1752 3095 esso
1779 3052 1966 3104 debebat,
