2159 3481
944 174 1222 215 -27-

220 315 285 343 res
327 301 379 343 sit
419 300 565 342 eadem
595 299 634 342 h.
668 313 702 340 e.
732 298 883 353 nequid
916 298 1022 340 absit
1052 302 1126 339 aut
1154 298 1342 353 supersit,
1387 297 1428 338 in
1472 297 1605 339 verbis
1644 300 1788 338 contra
1827 296 1951 350 plane

221 370 427 423 discrepat
458 368 510 410 ab
541 368 742 415 Homero,
782 367 960 409 maxime
990 371 1128 409 autem
1168 368 1210 408 in
1240 366 1444 421 epithetis.
1505 366 1675 407 Etenim
1704 365 1774 406 ille
1804 379 1838 404 v.
1869 365 1952 407 305

220 433 338 493 ἀμφὶ
371 435 475 492 περὶ
508 435 671 493 κρήνην,
710 435 872 478 Τ11111118
903 440 1041 477 1108101
1075 436 1251 477 »circum
1283 435 1426 476 latices
1457 435 1654 489 gelidos«,
1684 433 1754 475 1110
1789 430 1953 488 »ἱεροὺς

220 501 328 547 κατὰ
357 503 574 559 ρ’ωμοῦς<<,
617 509 757 547 1108101
800 504 1077 546 »fumantibus
1108 505 1228 556 aris«,
1273 503 1342 545 ille
1382 502 1637 559 »τεληέσσας
1668 499 1952 555 ἑκατόμβας<<,

220 578 361 616 noster
409 574 633 628 »aurigeris
678 573 814 615 divom
859 573 1073 627 placantes
1116 573 1289 614 numina
1333 572 1503 614 tauris«.
1585 570 1794 626 Quoniam
1837 569 1952 611 nullo

219 642 342 684 inodo
373 643 427 684 ad
457 643 626 684 verbum
665 646 823 683 vertere
862 645 1034 695 poterat,
1079 641 1337 694 antiquitatis
1377 641 1555 694 speciem
1595 639 1740 681 saltem
1772 638 1953 680 retinuit.

221 710 397 754 Constat
428 712 537 753 enim
569 715 673 753 teste
704 710 921 752 Macrobio
950 709 973 751 Ι
1005 710 1070 762 17,
1099 709 1153 751 29
1184 709 1397 751 Romanos
1435 709 1730 764 antiquissimis
1760 708 1952 762 tempori-

221 780 297 822 bus
326 781 481 822 auratis
509 779 651 822 hostiis
681 793 774 821 usos
804 792 903 820 esse.
966 778 1032 820 Eo
1061 778 1194 832 magis
1225 781 1364 820 autem
1394 778 1533 833 placet
1564 777 1776 820 Ciceronis
1807 776 1952 827 versio,

222 848 333 902 quod
374 849 472 891 item
514 848 666 891 Graeci
707 847 922 890 Homerici
964 848 1120 889 auratis
1164 847 1278 888 haud
1319 861 1412 889 raro
1457 846 1600 889 hostiis
1642 849 1825 888 utuntur.
1893 844 1956 887 Ut

219 931 441 971 pergamus
472 917 659 959 conferre
690 916 926 958 Romanum
960 931 1053 958 cum
1086 916 1262 968 Graeco,
1303 915 1479 970 legimus
1510 915 1622 970 apud
1652 914 1764 956 hunc
1800 913 1930 969 καλῆ
1939 928 1954 954 ι

224 982 308 1027 ὑπὸ
344 982 657 1035 πλατανίστωι,
698 985 810 1039 apud
839 984 955 1026 illum
991 984 1091 1026 »sub
1121 984 1292 1038 platano
1322 983 1611 1026 umbrifera.
1671 983 1761 1025 Ista
1786 981 1954 1036 quidem

219 1069 301 1096 non
333 1058 394 1096 est
423 1054 566 1106 versio,
611 1053 683 1096 sed
714 1054 901 1105 imitatio,
942 1053 1178 1095 aemulatio.
1244 1052 1482 1095 »Putabant
1512 1054 1623 1094 enim
1655 1051 1836 1093 Romani
1865 1049 1953 1104 pla-

220 1126 365 1164 tanum
405 1123 610 1164 umbrae
650 1123 820 1177 gratia
864 1126 1027 1164 tantum
1064 1136 1114 1163 ex
1150 1122 1286 1164 alieno
1324 1122 1421 1164 orbe
1450 1122 1624 1176 petitam
1657 1135 1786 1162 esse«.
1846 1119 1955 1160 Plin.

221 1191 321 1233 XII
350 1192 388 1244 3,
419 1192 454 1232 1.
515 1191 578 1234 Cf.
610 1191 695 1234 Cic.
726 1191 777 1233 de
808 1195 908 1233 orat.
939 1191 963 1232 Ι
994 1191 1048 1233 28
1094 1205 1214 1232 »nam
1245 1205 1310 1232 me
1350 1190 1455 1233 haec
1485 1195 1558 1233 tua
1587 1190 1784 1245 platanus
1814 1188 1955 1230 admo-

221 1260 323 1311 nuit,
368 1274 475 1314 quae
514 1274 595 1302 non
635 1261 772 1302 minus
810 1260 863 1301 ad
904 1260 1167 1314 opacandum
1206 1260 1317 1302 hunc
1354 1260 1491 1302 locum
1521 1259 1675 1314 patulis
1714 1262 1777 1301 est
1807 1257 1956 1299 diffusa

218 1329 353 1381 remis,
397 1343 520 1383 quam
563 1329 648 1382 illa,
695 1329 811 1371 cuius
855 1329 1074 1370 umbram
1120 1332 1285 1371 secutus
1332 1333 1394 1371 est
1439 1328 1673 1371 Socrates«.
1745 1326 1955 1382 Quoniam

218 1398 402 1439 imitator
439 1413 474 1438 v.
505 1398 532 1439 8
571 1397 732 1439 dixerat
782 1397 948 1439 »latices
991 1397 1171 1452 gelidos«
1221 1397 1335 1439 haud
1379 1412 1480 1440 sane
1523 1411 1628 1440 novo
1674 1396 1855 1451 epitheto
1896 1394 1957 1436 uti

219 1465 410 1519 debebat,
451 1481 531 1520 quo
566 1467 759 1508 redderet
802 1463 986 1521 »ἀγλαόν
1017 1460 1179 1521 ἱῗόωρ<<;
1225 1467 1366 1520 113(]110
1396 1467 1480 1508 81118
1511 1467 1661 1508 iterum
1692 1465 1827 1507 verbis
1857 1477 1956 1505 usus

219 1535 432 1577 substituit
479 1535 598 1577 »fons
640 1536 751 1577 unde
797 1540 965 1577 emanat
1010 1536 1158 1590 aquai«
1208 1537 1274 1589 (cf.
1315 1535 1436 1577 Lucr.
1470 1535 1537 1579 VI
1568 1536 1652 1578 890
1693 1535 1783 1576 fons
1825 1532 1957 1574 dulcis

219 1604 369 1658 aquai).
426 1603 508 1646 His
538 1604 710 1658 singulis
739 1605 862 1647 rebus
891 1605 1154 1659 pertractatis
1194 1604 1245 1646 de
1275 1608 1363 1646 arte
1393 1604 1550 1659 aliquid
1582 1604 1747 1646 addam.
1806 1602 1954 1656 Appa-

218 1672 301 1714 ruit
331 1672 574 1715 Ciceronem
618 1673 733 1715 nullo
778 1673 900 1715 modo
943 1688 986 1715 se
1025 1674 1263 1716 astrinxisse
1303 1673 1463 1727 legibm
1501 1674 1747 1727 interpretis.
1806 1671 1955 1724 Neque

219 1741 328 1782 enim
371 1745 432 1783 est
470 1756 521 1783 ex
564 1742 633 1794 eis,
671 1742 742 1796 qui
777 1742 1031 1797 »Odysseam
1064 1742 1239 1784 Homeri
1275 1743 1474 1784 ruminari
1504 1743 1729 1796 incipiant«
1765 1740 1958 1794 (Varro).

219 1809 286 1851 Ne
317 1809 394 1851 sim
424 1810 590 1863 multus,
628 1810 708 1852 hac
738 1810 901 1852 videtur
931 1825 1028 1853 usus
1059 1825 1145 1853 esse
1175 1811 1355 1853 ratione:
1399 1811 1500 1866 legit
1530 1825 1681 1863 versus,
1721 1814 1767 1852 ut
1795 1809 1955 1851 intelle-

219 1882 345 1933 geret,
377 1893 483 1932 quae
514 1893 579 1921 res
610 1884 727 1922 esset.
790 1879 928 1934 Quam
950 1894 1042 1921 cum
1070 1884 1185 1922 tenet
1214 1894 1297 1922 non
1327 1880 1387 1922 ita
1416 1881 1549 1932 vertit,
1580 1884 1627 1922 ut
1656 1878 1840 1933 singulos
1869 1892 1956 1919 ver-

220 1962 288 1989 sus
317 1947 523 2002 inspiciat,
554 1947 627 1990 sed
649 1962 791 1990 omnes
823 1962 873 1989 ex
903 1949 1103 1991 memoria
1131 1949 1270 1991 reddit
1288 1964 1362 1991 suo
1391 1963 1592 1991 sermone.
1653 1948 1749 1990 Hoc
1777 1962 1843 1989 me
1876 1961 1956 1989 non

219 2020 373 2057 temere
403 2015 570 2070 fingere,
616 2020 746 2059 testor
784 2018 917 2071 ipsum
951 2017 1195 2060 Ciceronem
1236 2019 1303 2059 »in
1334 2018 1570 2060 cottidianis
1601 2016 1956 2060 commentationi-

219 2084 295 2126 bus
326 2085 517 2138 equidem
558 2086 658 2127 mihi
699 2086 1036 2129 adulescentulus
1067 2101 1295 2141 proponere
1326 2086 1510 2129 solebam
1551 2087 1665 2128 illam
1699 2085 1956 2128 exercitatio-

219 2167 314 2194 nem
346 2154 525 2195 maxime
555 2187 563 2194 .
596 2187 603 2195 .
635 2187 663 2207 .,
703 2159 751 2197 ut
781 2160 855 2197 aut
884 2155 1110 2198 versibus
1141 2156 1418 2210 propositis
1458 2170 1583 2210 quam
1614 2155 1794 2197 maxime
1825 2154 1957 2209 gravi-

218 2222 306 2274 bus,
338 2226 411 2264 aut
441 2223 626 2265 oratione
657 2224 796 2278 aliqua
826 2225 933 2266 lecta
964 2225 1023 2266 ad
1053 2239 1160 2267 011111
1190 2225 1365 2278 finem,
1403 2239 1544 2279 quem
1576 2224 1815 2266 memoria
1845 2238 1956 2278 pos-

218 2305 319 2333 sem
361 2291 803 2346 comprehendere,
844 2307 934 2335 eam
966 2308 1050 2335 rem
1082 2294 1228 2348 ipsam,
1258 2308 1383 2348 quam
1415 2294 1604 2348 legissem
1636 2293 1800 2335 verbis
1837 2292 1956 2334 aliis

217 2374 362 2414 quam
403 2361 614 2402 maxime
654 2375 845 2416 possem
885 2362 1031 2405 lectis
1068 2364 1480 2417 pronuntiarem«
1527 2362 1579 2404 de
1609 2367 1712 2404 orat.
1746 2362 1767 2403 I
1802 2365 1825 2415 ς’
1858 2361 1952 2403 154.

217 2427 366 2471 Habes
397 2429 523 2470 etiam
554 2443 734 2483 causam,
777 2445 850 2472 cur
888 2432 1027 2473 statim
1067 2432 1110 2473 111
1141 2431 1411 2474 describendo
1442 2431 1622 2473 dracone
1658 2431 1741 2472 alia
1772 2430 1955 2484 imagine

218 2500 360 2538 utatur
390 2497 549 2550 Cicero,
592 2498 674 2540 alia
704 2499 916 2542 Homerus
948 2497 1112 2555 δράκων
1152 2498 1228 2543 ἐπὶ
1270 2502 1386 2542 νῶτα
1427 2498 1672 2556 ὁαφοινός
1723 2500 1954 2540 »immani

218 2566 354 2620 specie
397 2570 590 2621 tortuque
634 2567 879 2610 draconem«
935 2570 1002 2622 (cf.
1052 2574 1162 2612 tortu
1209 2569 1510 2624 multiplicabili
1555 2570 1800 2610 draconem«
1855 2567 1953 2609 Tus.

219 2634 267 2676 ΙΙ
298 2634 378 2688 22).
440 2635 592 2678 Cetera
622 2637 675 2678 ab
706 2637 893 2680 Homero
922 2642 1144 2681 narrantur
1172 2653 1246 2693 per
1276 2637 1389 2690 λέξιν
1420 2635 1657 2695 εἰρομένηνς
1691 2632 1781 2678 ἔνθ’
1817 2634 1953 2693 ἐφάνη

288 2736 296 2744 .
328 2700 437 2745 ἔνθα
478 2698 519 2745 δ’
561 2702 664 2747 ἔσαν
696 2739 705 2747 .
730 2739 738 2747 .
762 2739 771 2748 .
803 2703 892 2748 ἔνθ’
935 2701 963 2747 δ’
999 2723 1054 2762 γε.
1115 2707 1313 2750 Oratores
1342 2709 1399 2750 sic
1431 2722 1511 2749 non
1543 2707 1778 2760 loquuntur.
1840 2704 1953 2760 Qua-

218 2776 384 2826 propter
412 2773 625 2816 substituit
654 2775 855 2829 interpres
896 2774 1008 2828 λέξιν
1038 2774 1426 2832 κατεστραμμένην,
1470 2792 1553 2830 qua
1588 2776 1645 2827 fit,
1691 2779 1735 2816 ut
1765 2775 1953 2829 singulae

218 2842 493 2883 sententiolae
523 2857 608 2884 una
638 2844 808 2897 periodo
841 2845 1255 2899 comprehendantur.

331 2910 456 2952 Adde
487 2910 596 2964 quod
626 2911 707 2953 ista
736 2913 894 2954 ratione
934 2913 976 2954 id
1009 2914 1186 2955 maximo
1218 2915 1450 2967 assequitur
1478 2914 1691 2967 interpres,
1737 2918 1783 2954 nt
1822 2913 1954 2954 brevis

218 2977 292 3020 fiat
312 2979 504 3021 narratio.
564 2979 710 3022 Brevis
741 2982 850 3022 enim
873 2982 951 3023 crit
981 2983 1175 3035 narratio,
1209 2983 1264 3023 »si
1297 2983 1534 3024 summatim
1567 2997 1648 3023 11011
1672 2981 1950 3036 particulatim

336 3118 370 3164 1)
396 3118 546 3154 Norden
574 3118 662 3154 Aen.
691 3119 740 3153 VI
768 3131 850 3166 pag.
878 3119 956 3155 250.
