2159 3481
882 162 1160 201 ..15-

162 289 288 331 99926
324 287 435 340 §15.
493 286 560 328 Ex
591 287 660 338 eis,
690 300 795 340 quae
827 290 1024 340 sequntur
1053 299 1144 339 pag.
1175 283 1276 326 41ss
1307 284 1512 336 discimus,
1543 285 1727 339 quamvis
1759 298 1888 338 omne,

160 355 269 410 quod
298 356 535 410 colligatum
567 359 639 407 est,
669 355 835 397 dissolvi
864 356 1004 409 possit,
1035 354 1131 408 quia
1160 353 1319 394 factum
1348 357 1411 394 est
1441 357 1663 407 aptumque
1693 367 1744 395 ex
1762 355 1888 408 parti-

160 424 246 476 bus,
285 423 383 465 deos
412 428 552 465 tamen
583 423 827 465 dissolutum
858 437 940 464 non
972 423 1019 463 iri
1050 419 1113 475 (οὐ
1149 455 1156 461 .
1191 454 1199 462 .
1232 454 1241 462 .
1272 418 1536 477 λυθήσεσθε)
1567 435 1642 463 nec
1671 424 1890 464 morituros

159 506 258 544 esse,
288 492 397 546 quod
427 492 492 534 dei
523 493 733 534 voluntate
763 493 879 546 quasi
910 491 1071 532 vinculo
1102 490 1379 532 cohibeantur.
1410 490 1487 546 τῆς
1513 488 1618 546 ἐμῆς
1646 489 1891 547 βουλήσεως

160 593 169 602 .
201 595 208 603 .
243 593 251 602 .
281 560 439 614 δεσμοῦ
468 558 676 614 λαχόντες.
736 559 829 602 Aut
858 559 976 602 valde
1005 559 1129 600 fallor
1159 563 1231 600 aut
1257 558 1379 600 Plato
1410 573 1503 600 cum
1533 559 1655 600 deum
1685 560 1890 602 dicentem

158 629 261 671 facit
289 629 367 686 τῆς
394 628 500 686 ἐμῆς
528 624 772 686 βουλήσεως
800 628 891 670 κτλ.
934 631 1094 682 spectat
1123 627 1176 669 ad
1207 627 1259 679 id,
1304 627 1414 681 quod
1441 627 1563 669 modo
1593 627 1754 669 dixerat
1783 626 1890 682 ἐμοῦ

157 693 191 753 y'
226 695 469 748 ἐθέλοντος.
530 697 577 741 Si
607 698 836 752 scripsisset
863 692 923 753 μὴ
955 693 1185 745 ἐθέλοντος
1224 710 1274 737 ex
1313 697 1504 750 negativo
1543 697 1652 750 quod
1683 699 1890 740 antecedit

158 760 296 808 ἄλυτα
326 767 536 809 subandiri
570 766 747 809 debebat
781 764 964 815 >>λυέιν<<,
1010 770 1055 806 ut
1099 766 1158 806 ita
1186 764 1425 819 procederet
1453 767 1659 807 sententia
1693 767 1888 809 »indisso-

157 835 301 877 lubilia
330 841 436 888 sunt,
477 837 556 877 nisi
585 835 693 876 forte
725 848 800 888 ego
840 836 926 888 ipse
967 834 1038 875 illa
1074 834 1294 875 dissolvere
1326 834 1456 875 volo«.
1516 833 1638 876 Talia
1667 835 1889 879 abhorrent

157 904 210 946 ab
239 905 447 959 elegantia
475 905 562 945 eius
593 905 800 955 orationis,
831 917 936 957 quae
965 904 1132 957 propria
1160 902 1348 944 Platonis
1379 907 1442 944 est
1471 908 1513 944 et
1541 903 1783 957 dignissima
1811 906 1889 947 hoc

156 973 256 1025 loco,
301 972 370 1014 ubi
406 972 507 1014 deus
544 973 631 1026 ipse
670 971 859 1025 loquitur.
921 969 1007 1013 Sed
1035 975 1216 1012 revertor
1254 971 1307 1012 ad
1341 970 1593 1014 Ciceronem.
1655 972 1790 1027 Quem
1819 976 1889 1029 qui

156 1042 381 1093 ediderunt,
411 1041 518 1082 male
540 1044 759 1082 secernunt
794 1040 942 1082 »haec«
978 1039 1029 1081 ab
1060 1054 1107 1081 eo
1138 1039 1271 1092 verbo,
1301 1040 1355 1082 ad
1384 1040 1494 1094 quod
1514 1042 1703 1095 pertinet,
1734 1043 1890 1085 scilicet

156 1110 210 1152 ad
234 1110 410 1152 ><.>fatur<
461 1108 532 1152 Sic
552 1110 676 1163 igitur
696 1109 963 1163 distinguas>
960 1109 1091 1150 >fatur
1110 1108 1258 1150 11300<<ε
1287 1140 1330 1143 -
1287 1107 1472 1164 -λέγει
1494 1107 1609 1152 τάδε.
1668 1110 1721 1152 In
1743 1114 1889 1154 ceteris

155 1192 400 1259 νο1001,ῒ110
439 1192 586 1259 parum
625 1178 873 1220 intellexerit
900 1179 1100 1232 interpres
1138 1177 1438 1232 philosophum.
1500 1178 1669 1220 Etenim
1699 1179 1888 1223 Platonis

155 1247 278 1289 verba
307 1263 366 1288 ων
396 1280 404 1288 .
428 1280 437 1288 .
461 1280 470 1288 .
502 1243 632 1302 ἔργων
660 1261 734 1302 per
763 1248 1052 1289 attractionem
1082 1248 1218 1301 posita
1247 1252 1344 1288 sunt
1372 1261 1446 1301 pro
1476 1243 1576 1302 ἔργα
1609 1281 1615 1288 .
1640 1280 1650 1289 .
1673 1281 1682 1289 .
1715 1265 1773 1290 ων
1805 1247 1887 1305 ἐγω

154 1311 315 1373 πατήρ,
357 1312 458 1371 ἔργα
497 1320 636 1358 autem
674 1317 940 1358 nominantur
980 1317 1056 1370 ipsi
1087 1316 1163 1358 dei.
1225 1315 1384 1358 Contra
1413 1316 1524 1370 apud
1557 1315 1798 1360 Ciceronem
1828 1321 1888 1360 ita

153 1389 392 1440 comparata
420 1389 517 1426 sunt
545 1384 679 1437 verba,
709 1389 756 1426 ut
786 1385 1023 1438 significent
1057 1399 1130 1426 »ea
1160 1399 1295 1439 opera,
1325 1399 1498 1439 quorum
1528 1399 1603 1439 ego
1624 1391 1768 1429 auctor
1797 1403 1887 1430 sum

156 1454 402 1496 indissoluta
442 1458 576 1505 sunt«,
621 1455 739 1508 quasi
779 1455 927 1502 01111113,
969 1469 1074 1508 quae
1114 1469 1139 1495 a
1177 1454 1318 1496 mundi
1350 1459 1532 1496 creatore
1562 1455 1887 1510 proficiscantur,

154 1522 320 1564 dissolvi
349 1527 566 1578 nequeant.
626 1523 771 1577 Pergit
801 1523 990 1565 Platonis
1030 1523 1130 1565 deus
1179 1515 1253 1564 »οὕ
1288 1539 1327 1564 τι
1357 1539 1409 1576 με
1392 1522 1435 1565 ἐν
1474 1522 1525 1580 δὴ
1555 1521 1811 1580 λιθήσεσθέ
1841 1542 1887 1580 γε

155 1588 254 1634 οὐδὲ
274 1589 480 1644 τεύξεσθε
498 1589 694 1633 θανάτου
714 1589 881 1673 μοίρας,
913 1593 990 1649 τῆς
1013 1591 1159 1671 ἐμῆωμς
1151 1592 1257 1645 ’1)ουλ
1247 1607 1398 1649 ησεως
1417 1591 1513 1646 μειζ
1516 1608 1610 1642 ονος
1631 1590 1695 1635 ἔτι
1725 1594 1888 1648 δεσμοῖ-

153 1658 228 1701 zai
258 1659 516 1716 κυριωτέρου
546 1658 746 1713 λαχόντες
775 1658 956 1712 ἔχει’,νων
988 1654 1055 1710 οἷς
1085 1655 1145 1702 ὅτ’
1180 1657 1401 1716 ἐγίγνεσθε
1422 1661 1709 1713 ξυνεὸεῖσθεᾴ».
1770 1663 1885 1706 Cice-

152 1730 262 1771 ronis
293 1734 389 1771 sunt
416 1730 570 1772 11300)
553 1731 816 1784 >neutiquam
846 1735 986 1772 tamen
1016 1730 1305 1782 (1183011οω1111,
1350 1745 1482 1784 neque
1520 1745 1590 1772 vos
1629 1732 1715 1773 ulla
1743 1734 1886 1774 mortis

151 1798 243 1840 fata
269 1800 474 1853 periment
502 1813 592 1840 nec
621 1799 759 1840 fraus
789 1799 1043 1841 valentior
1073 1814 1216 1853 quam
1253 1800 1518 1841 consilium
1558 1814 1731 1852 meum,
1776 1802 1885 1855 quod

151 1869 284 1909 maius
323 1872 387 1910 est
424 1868 632 1909 vinculum
672 1867 725 1909 ad
765 1869 1083 1922 perpetuitatem
1121 1873 1299 1909 vestram
1330 1883 1454 1922 quam
1483 1869 1565 1921 illa,
1609 1869 1756 1923 quibus
1787 1872 1885 1912 estis

151 1940 240 1978 tum
270 1951 362 1978 cum
391 1936 669 1991 gignebamini
696 1937 917 1990 colligati«.
977 1936 1117 1977 Primo
1148 1936 1295 1978 obtutu
1325 1942 1498 1991 apparet
1526 1937 1629 1979 11300
1659 1939 1766 1980 inter
1796 1953 1884 1981 sese

151 2005 378 2047 dissentire.
437 2004 579 2059 Atque
609 2006 786 2059 primum
825 2005 990 2059 quidem
1026 2005 1226 2047 »fraus«
1270 2006 1381 2060 apud
1411 2005 1630 2048 Platonem
1659 2007 1718 2048 nil
1748 2007 1885 2061 habet,

151 2073 261 2127 quod
290 2074 546 2128 respondeat.
605 2074 771 2116 Deinde
800 2074 910 2128 quod
940 2075 1040 2116 dicit
1070 2076 1270 2129 interpres
1306 2089 1422 2116 »nec
1451 2075 1591 2117 fraus
1620 2077 1884 2130 valentior,

150 2157 291 2197 quam
322 2143 585 2185 consilium
618 2157 800 2185 meum«
833 2143 958 2185 verba
991 2146 1088 2201 »τῆς
1119 2142 1224 2200 ἐμῆς
1253 2141 1539 2201 βουλήσεως<<,
1571 2159 1677 2199 quae
1703 2146 1884 2199 pendent

150 2226 176 2253 a
204 2211 326 2253 verbo
357 2210 556 2265 λαχόντες
595 2226 668 2267 pro
698 2214 887 2266 genetivo
918 2214 1236 2267 comparationis
1274 2214 1442 2267 accepit.
1503 2212 1574 2256 Sic
1605 2215 1730 2267 igitur
1760 2216 1884 2269 scrip-

149 2284 239 2322 tum
268 2281 370 2334 legit
403 2276 527 2322 »ουδὲ
558 2275 762 2332 τεύξεσθε
792 2277 987 2323 θανάτου
1017 2279 1172 2338 μοίρας
1202 2277 1310 2323 ουό
1345 2278 1638 2339 ἐπιβουλῆς
1679 2284 1752 2340 τῆς
1783 2281 1886 2358 ἐμῆς

149 2346 392 2406 βουλήσεως
420 2347 654 2403 μείζονος<<.
714 2349 810 2392 Hoc
848 2351 881 2391 si
921 2365 947 2391 a
984 2350 1101 2392 nobis
1141 2355 1251 2392 recte
1289 2350 1546 2404 disputatum
1587 2356 1659 2402 est,
1704 2352 1885 2405 genuina

149 2416 337 2460 Platonis
374 2418 499 2460 verba
537 2433 588 2460 ex
619 2418 829 2461 Ciceronis
868 2420 1052 2461 versione
1082 2421 1347 2473 reperientur.
1409 2418 1584 2474 Scripsit
1622 2420 1730 2461 enim
1762 2419 1884 2460 Plato

154 2480 278 2528 »οὐδὲ
304 2483 512 2539 τεύξεσθε
533 2481 731 2529 θανάτου
760 2486 914 2544 μοίρας
945 2483 1051 2531 οὔδ’
1087 2485 1391 2544 ἐπιβουλῆς,
1422 2491 1495 2545 τῆς
1513 2486 1620 2545 ἐμῆς
1638 2485 1885 2544 βουλήσεως

148 2550 341 2606 μείζονος
361 2552 425 2596 ἔτι
456 2555 615 2609 δεσμοῦ
644 2555 719 2597 καὶ
751 2555 1008 2612 κυριωτέρου
1039 2554 1261 2609 λαχόντες<<
1296 2562 1371 2598 etc.
1430 2556 1482 2597 In
1505 2557 1712 2599 codicibus
1733 2562 1883 2609 autem,

149 2623 219 2676 qui
249 2622 302 2664 ad
332 2637 406 2665 nos
435 2630 718 2678 pervenerunt,
764 2625 888 2667 verba
927 2621 1019 2667 οὐδ’
1067 2623 1305 2682 ἐπιβουλῆς
1347 2625 1651 2676 interciderunt,
1694 2625 1734 2667 id
1774 2626 1883 2679 quod

149 2690 271 2732 facile
302 2691 394 2733 fieri
424 2695 568 2746 potuit.
628 2694 913 2749 Interpunctio
943 2699 1037 2749 post
1067 2692 1303 2751 ἐπιβουλῆς
1335 2694 1573 2737 Ciceronem
1615 2695 1712 2736 dum
1750 2695 1882 2745 vertit,

149 2758 268 2812 fugit,
299 2759 407 2801 unde
436 2761 605 2814 factum,
646 2767 692 2804 ut
721 2763 828 2804 male
858 2763 1116 2817 intellegeret
1144 2763 1220 2820 τῆς
1250 2761 1355 2819 ἐμῆς
1381 2761 1628 2820 βουλήσεως
1658 2777 1730 2817 pro
1759 2777 1881 2817 gene—

148 2829 231 2869 tivo
275 2831 602 2883 comparationis.
683 2830 860 2873 Sensum
905 2836 1042 2874 tamen
1089 2833 1311 2887 perspexit,
1362 2833 1555 2885 quoniam
1597 2837 1705 2874 recte
1748 2833 1883 2886 pergit

153 2896 287 2950 »quod
335 2898 435 2952 (scil.
488 2899 701 2941 consilium
729 2898 902 2954 vmeum)
951 2902 1085 2942 maius
1134 2906 1197 2942 est
1241 2901 1486 2943 vinculum«.
1574 2900 1693 2942 Infra
1743 2905 1879 2942 autem

148 2979 239 3019 pag.
273 2968 441 3018 100825,
485 2966 554 3008 ubi
594 2968 766 3021 legimus
812 2982 940 3022 »quae
980 2983 1071 3010 cum
1117 2970 1174 3010 ita
1203 2969 1460 3021 designasset
1495 2984 1674 3024 seseque,
1719 2971 1750 3010 si
1783 2969 1879 3023 quid

148 3038 291 3087 postea
319 3035 516 3078 fraudis
546 3041 619 3078 aut
648 3037 733 3078 vitii
765 3038 967 3079 evenisset
996 3040 1085 3094 (τῆς
1116 3034 1272 3080 ἔπειτα
1303 3036 1456 3088 κακίας
1487 3040 1539 3079 42
1554 3038 1612 3091 D)
1648 3044 1765 3080 extra
1795 3052 1879 3079 om-
