2159 3481
915 156 1165 192 —ow

176 284 229 323 39
241 295 299 334 sq.
350 284 590 334 »propterea
633 278 741 333 quod
782 282 824 319 et
862 279 1031 319 aestatis
1071 278 1291 331 primordia
1332 277 1472 328 clarat,
1518 275 1578 317 Et
1614 279 1708 330 post
1747 275 1905 317 hiberni

176 348 463 404 praepandens
494 348 689 402 temporis
720 351 833 388 ortus
863 367 917 381 =
948 344 1099 400 θέρεος
1144 344 1216 387 καὶ
1258 343 1458 398 χείματος
1502 340 1767 399 ἀρχομένοιο.
1813 345 1906 385 266.

175 417 331 459 Maluit
371 430 467 470 ergo
511 430 599 458 esse
645 415 924 470 amplificatur
967 429 1092 468 quam
1135 415 1348 456 brevitatis
1387 414 1579 455 imitator.
1643 413 1792 467 Itaque
1836 412 1904 454 ubi

176 486 312 528 Arato
341 485 502 526 sufficit
530 485 639 539 loqui
669 484 720 526 de
750 498 884 525 rerum
906 483 1173 525 similitudine
1195 483 1307 524 velut
1335 498 1370 523 v.
1387 483 1468 523 433
1499 476 1608 535 ἀτὰρ
1637 479 1907 534 μετόπισθεν

175 549 350 596 ἐοικότα
382 548 555 610 σήματα
585 549 747 609 φαίνοι,
794 551 939 595 Cicero
985 555 1157 593 conatur
1200 552 1374 592 similem
1416 565 1501 592 rem
1543 551 1666 591 variis
1704 549 1906 592 coloribus

174 623 412 677 depingere:
468 620 539 664 »Si
581 654 589 662 .
620 654 628 662 .
659 653 667 661 .
709 620 943 662 Centaurus
984 653 992 660 .
1024 653 1031 660 .
1066 652 1074 660 .
1114 620 1303 661 caerulea
1345 622 1557 660 contectus
1600 618 1707 659 nube
1751 617 1907 659 feretur

174 690 317 745 Atque
346 690 481 732 Aram
511 690 625 731 tenui
655 689 839 742 caligans
868 689 1016 730 vestiet
1046 688 1213 730 umbra«
1249 689 1343 729 ⁴204.

288 757 371 798 Tot
398 757 498 799 locis
529 757 665 798 allatis
694 756 744 798 de
774 771 818 797 re
849 756 1025 798 dubitari
1058 757 1209 810 nequit.
1270 755 1411 798 Verba
1441 755 1558 797 addit
1577 757 1789 809 interpres,
1819 755 1905 808 qui-

173 825 249 867 bus
278 827 361 867 iam
402 830 500 867 tunc
538 825 732 867 abundat.
793 824 1086 879 Quaerendum
1132 829 1282 877 autem,
1326 839 1425 866 num
1464 824 1609 866 eadem
1653 824 1905 866 consuetudo

173 895 291 937 nobis
322 894 488 937 aliunde
518 898 619 935 nota
648 895 712 935 sit.
770 893 851 945 En,
881 895 1017 948 aspice
1046 908 1187 935 versus
1207 893 1377 935 Pacuvii
1409 893 1693 935 celeberrimos
1722 892 1773 933 de
1804 891 1904 934 For-

174 968 276 1006 tuna
315 963 451 1018 (Ribb.
493 962 517 1003 Ι
561 977 653 1017 pag.
687 964 782 1017 1⁴24)
834 962 1088 1004 >Fortunam
1132 964 1321 1004 insanam
1366 976 1454 1004 esse
1500 994 1508 1003 .
1540 995 1548 1003 .
1579 994 1588 1003 .
1634 961 1907 1016 perhibent

173 1031 414 1087 philosophi.
461 1030 652 1086 Saxoque
683 1032 837 1073 instare
969 1032 1265 1086 praedicant
1294 1031 1472 1074 volubili.
1522 1030 1634 1085 Quia
1764 1034 1904 1072 autu-

172 1104 316 1142 mant.
372 1100 572 1142 Insanam
602 1114 690 1142 esse
721 1102 871 1142 aiunt.
934 1100 1112 1143 Caecam
1143 1114 1231 1142 esse
1261 1101 1464 1141 iterant.
1516 1099 1627 1142 Sunt
1656 1103 1806 1152 autem,
1836 1100 1906 1153 qui

251 1201 259 1210 .
289 1172 486 1223 negant.
546 1169 631 1212 Sed
661 1202 669 1210 .
702 1201 710 1209 .
743 1202 750 1210 .
782 1173 1082 1211 autumant«.
1141 1169 1288 1211 Habes
1328 1168 1436 1210 idem
1475 1172 1598 1223 atque
1628 1170 1670 1210 in
1703 1168 1788 1211 Cic.
1818 1182 1905 1210 ver-

171 1238 298 1280 sibus:
348 1237 490 1292 »Quos
518 1239 646 1279 nostri
679 1242 835 1292 septem
865 1240 1084 1280 vocitare
1115 1239 1269 1280 triones
1300 1271 1307 1279 .
1340 1270 1348 1279 .
1380 1271 1387 1279 .
1419 1238 1551 1280 altera
1581 1271 1589 1278 .
1621 1270 1628 1278 .
1661 1270 1669 1278 .
1701 1242 1906 1279 vocatur

199 1340 208 1348 .
230 1340 238 1348 .
270 1307 402 1348 altera
432 1339 440 1347 .
463 1339 471 1348 .
492 1339 500 1347 .
531 1307 720 1349 dicitur
747 1307 852 1361 frgg.
875 1307 915 1350 V
937 1312 980 1349 et
999 1307 1076 1351 VI.
1108 1307 1260 1349 Baehr.
1318 1307 1409 1349 Nec
1429 1311 1593 1349 tantum
1613 1306 1905 1348 versificatoris

170 1389 310 1417 verum
339 1377 465 1417 etiam
495 1377 668 1417 oratoris
709 1380 772 1417 est
811 1377 891 1417 ista
930 1376 1143 1418 verborum
1184 1378 1313 1431 copia.
1375 1377 1505 1421 Velut
1543 1378 1586 1417 in
1616 1377 1800 1417 oratione
1831 1390 1904 1430 pro

170 1443 340 1497 Archia,
383 1458 488 1498 quae
518 1458 566 1486 eo
596 1459 744 1498 genere
774 1445 936 1487 dicendi
967 1450 1030 1487 est
1058 1445 1203 1487 habita
1246 1446 1379 1500 »quod
1415 1460 1498 1487 non
1527 1445 1650 1487 modo
1681 1460 1707 1486 a
1735 1458 1903 1486 consue-

169 1513 312 1555 tudine
343 1513 595 1565 iudiciorinn,
624 1528 765 1555 verum
795 1515 920 1555 etiam
950 1529 976 1555 a
1004 1514 1156 1556 forensi
1189 1529 1375 1556 sermone
1407 1515 1649 1556 abhorreat«
1684 1515 1724 1568 (ξ
1756 1516 1807 1567 3),
1853 1514 1903 1555 de

170 1581 355 1624 Homero
380 1581 554 1635 legimus
587 1581 859 1636 »Colophonii
889 1583 1017 1624 civem
1038 1597 1126 1624 esse
1156 1583 1327 1625 dicunt
1356 1598 1487 1635 suum,
1520 1582 1614 1625 Chii
1646 1597 1767 1624 suum
1796 1583 1903 1623 vin-

169 1650 342 1692 dicant
372 1649 591 1692 Salaminii
628 1655 881 1705 repetunt,
928 1650 1145 1707 Smyrnaei
1176 1667 1297 1694 suum
1327 1666 1416 1694 esse
1456 1652 1773 1694 confirmant.
1832 1651 1903 1692 In-

168 1720 310 1774 primis
328 1723 467 1761 autem
486 1719 564 1761 hoc
584 1719 775 1761 dictionis
794 1734 943 1774 genere
963 1735 1062 1762 usus
1092 1725 1155 1762 est
1184 1722 1226 1762 in
1257 1722 1315 1763 eis
1336 1721 1601 1773 orationibus,
1631 1734 1735 1775 quas
1756 1720 1904 1762 habuit

169 1787 420 1840 adulescens,
465 1788 577 1829 velut
611 1802 684 1842 pro
716 1787 911 1843 Quinctio
943 1791 966 1843 g
999 1791 1051 1831 10
1081 1804 1165 1831 non
1195 1791 1257 1832 ius
1286 1805 1373 1845 par,
1417 1804 1499 1832 non
1538 1790 1689 1844 agendi
1719 1794 1903 1843 potestas

168 1857 324 1909 eadem,
354 1871 437 1898 non
467 1858 733 1910 magistratus
763 1871 929 1912 aequus,
973 1859 1038 1900 vel
1069 1860 1092 1913 ξ
1124 1861 1175 1900 47
1209 1874 1302 1901 cum
1434 1859 1552 1901 video
1583 1892 1590 1900 .
1614 1891 1652 1899 ..
1683 1873 1776 1900 cum
1807 1872 1901 1900 con-

168 1925 301 1967 sidero
431 1940 524 1967 cum
554 1926 693 1968 oculos
723 1927 986 1981 animumque
1016 1928 1181 1969 rettuli«
1199 1929 1239 1980 1).
1298 1928 1395 1970 Hoc
1424 1942 1507 1969 non
1536 1929 1745 1969 miramur.
1804 1927 1901 1982 Ipse

168 1995 277 2036 enim
308 1993 453 2036 Cicero
482 1995 623 2036 multis
653 1996 772 2036 annis
800 2000 894 2050 post
924 1996 1156 2048 confitetur,
1195 2011 1278 2051 qua
1306 1996 1433 2038 fuerit
1462 1998 1505 2037 in
1535 1997 1616 2038 illis
1647 1996 1901 2038 orationibus

167 2062 443 2105 redundantia
491 2067 533 2105 et
575 2063 788 2106 verborum
839 2069 882 2106 et
923 2066 1221 2107 sententiarum
1271 2067 1341 2119 (or.
1381 2080 1414 2107 c.
1454 2065 1632 2119 XXX).
1705 2065 1902 2107 Profecta

167 2135 306 2173 autem
335 2136 398 2173 est
427 2132 498 2173 illa
542 2133 842 2175 »redundantia
871 2135 1082 2176 iuvenilis«
1131 2149 1183 2176 ex
1221 2135 1381 2187 scholis,
1421 2134 1491 2176 ubi
1530 2135 1645 2189 pueri
1675 2148 1902 2190 synonyma

166 2200 398 2242 didicerunt
425 2205 530 2243 teste
562 2200 820 2255 Quintiliano
852 2202 900 2244 X
934 2205 954 2243 1
989 2204 1127 2257 §6sq.
1175 2203 1322 2245 »verba
1351 2236 1518 2245 .....
1549 2203 1702 2245 debent
1740 2218 1828 2245 esse
1859 2205 1901 2244 in

167 2273 398 2324 conspectu,
429 2274 476 2311 ut
504 2270 639 2312 facilis
669 2285 720 2312 ex
751 2271 815 2313 his
845 2273 1092 2326 optimorum
1123 2273 1177 2314 sit
1206 2273 1361 2325 electio,
1398 2277 1440 2315 et
1468 2286 1573 2327 quae
1604 2272 1713 2314 idem
1742 2272 1900 2326 signifi-

167 2342 309 2380 carent
337 2338 478 2380 solitos
507 2340 590 2380 scio
621 2340 811 2392 ediscere,
841 2354 921 2394 quo
950 2340 1114 2382 facilius
1144 2345 1187 2382 et
1217 2346 1447 2384 occurreret
1477 2357 1605 2384 unum
1635 2356 1685 2383 ex
1717 2341 1901 2396 pluribus

167 2411 209 2448 et
237 2422 331 2449 cum
362 2412 500 2449 essent
527 2409 589 2449 usi
621 2409 770 2462 aliquo,
815 2410 849 2450 si
887 2409 1007 2451 breve
1048 2411 1157 2451 intra
1197 2412 1377 2465 spatium
1418 2425 1559 2452 rursus
1588 2411 1900 2461 desideraretiff,

167 2475 431 2530 effugiendae
461 2477 715 2530 repetitionis
745 2479 879 2531 gratia
910 2483 1118 2520 sumerent
1147 2479 1271 2531 aliud,
1300 2494 1381 2533 quo
1412 2479 1520 2521 idem
1551 2480 1733 2533 intellegi
1762 2483 1901 2533 posset

208 2576 216 2584 .
247 2576 256 2585 .
286 2562 319 2585 .‹<
382 2544 570 2597 Accedit,
599 2546 709 2600 quod
739 2561 764 2587 a
793 2545 1003 2589 Frontone
1047 2562 1298 2602 »synonyma
1326 2549 1540 2601 colligere«
1589 2550 1630 2589 in
1666 2548 1899 2590 »lucrativis

168 2613 394 2655 studiorum
414 2615 600 2655 solaciis«
635 2619 875 2657 numeratur
905 2617 1011 2669 (pag.
1035 2619 1140 2662 1513
1166 2616 1301 2669 Nab.).
1359 2617 1596 2659 Exstabant
1626 2619 1750 2670 igitur
1781 2632 1897 2672 syno-

168 2695 380 2736 nymorum
410 2683 679 2735 collectiones,
708 2684 841 2738 qualis
872 2700 955 2726 una
984 2686 1059 2739 ipsi
1092 2684 1280 2727 Ciceroni
1312 2686 1597 2728 vindicabatur
1626 2686 1802 2739 (Orelli-‘³
1832 2685 1898 2728 IV

172 2751 306 2803 1063),
345 2750 491 2803 quibus
519 2751 740 2794 utebantur
770 2753 1064 2805 adulescentes,
1109 2759 1156 2795 ut
1185 2755 1391 2796 discerent
1432 2756 1625 2799 candem
1658 2769 1755 2798 rom
1786 2757 1897 2798 aliis

169 2820 326 2863 verbis
356 2822 666 2873 pronuntiare
680 2823 721 2872 2).
782 2821 895 2863 Num
919 2821 1106 2864 Ciceroni
1139 2824 1234 2864 talis
1260 2824 1446 2865 collectio
1477 2838 1572 2877 prae
1604 2838 1729 2865 manu
1760 2824 1896 2873 fucrit,

167 2886 320 2928 dubito.
382 2886 598 2929 Credimus
637 2890 745 2930 enim
776 2890 987 2942 Frontoni,
1037 2896 1223 2945 »praesto
1264 2892 1390 2933 fuisso
1422 2892 1608 2934 Ciceroni
1653 2906 1732 2933 non
1774 2908 1895 2946 quao-

167 2957 272 2997 renti
302 2955 435 3007 verba,
465 2970 570 3009 quae
602 2958 667 2998 vix
698 2958 789 2999 aliis
818 2959 1109 3012 quaerentibus
1140 2960 1407 3002 subveniant«
1443 2964 1552 3015 (pag.
1586 2964 1637 3002 (523
1670 2961 1753 3008 N).

285 3048 319 3092 1)
336 3027 542 3083 ‘enimin
569 3049 664 3084 Aeta
691 3049 842 3093 Erlang.
867 3050 884 3084 1
912 3062 994 3096 pag.
1022 3051 1155 3098 103sq.

284 3106 318 3151 2)
345 3108 391 3143 cf.
418 3118 503 3154 pag.
528 3108 573 3144 29
600 3108 711 3145 huius
738 3110 918 3156 opusculi.
