2159 3481
961 170 1238 209 -35-

231 290 410 332 feminae
449 303 574 331 manu
604 290 788 331 vincitur.
849 290 946 333 Vim
986 291 1115 333 affert
1152 292 1314 343 oratori,
1358 293 1390 333 si
1431 293 1522 346 quis
1561 294 1603 333 in
1642 294 1714 334 tali
1757 296 1961 336 sententia

231 362 465 400 accuratam
496 358 702 400 desiderat
731 359 968 400 versionem.
1032 359 1184 401 »Nam
1214 374 1318 401 cum
1348 374 1498 402 causa
1527 375 1583 402 ea
1615 362 1873 415 inciderit,
1912 365 1961 404 in

231 441 326 480 qua
368 428 440 468 vis
485 427 801 481 eloquentiae
846 429 1006 481 possit
1049 429 1284 483 expromi,
1334 435 1433 470 tum
1487 444 1538 471 se
1583 431 1740 472 latius
1785 431 1962 473 fundet

231 499 418 547 orator,
460 500 560 537 tum
590 500 731 550 reget
761 501 810 537 et
840 496 1024 538 flectet
1054 498 1246 538 animos
1276 501 1324 538 et
1354 499 1425 539 sic
1454 498 1678 551 afficiet,
1720 504 1774 541 ut
1802 500 1957 541 volet«

232 568 334 605 orat.
367 566 390 618 ξ
425 565 515 606 125.
574 564 693 606 Licet
721 569 859 606 autem
889 564 1088 617 dubitare,
1132 570 1269 607 utrum
1301 567 1509 620 scripserit
1540 566 1684 609 Cicero
1720 569 1815 610 »sed
1844 570 1962 611 femi—

233 647 310 674 nae
340 634 401 674 vir
431 665 438 673 .
471 666 479 674 .
511 651 543 674 .«
579 648 631 674 an
668 633 763 675 »sed
791 633 972 675 feminea
1001 635 1072 685 vir,
1114 634 1296 675 feminea
1325 635 1537 676 interimor
1566 650 1730 677 manu«.
1790 636 1963 679 Frustra

230 702 339 742 enim
371 706 615 755 anapaestos
645 701 823 743 secundo
854 715 993 743 versus
1023 702 1111 743 loco
1143 706 1239 743 ante
1269 716 1481 744 caesuram
1511 705 1664 757 positos
1704 705 1814 759 apud
1846 705 1961 748 Cice-

230 784 371 812 ronem
401 771 594 824 quaesivi.
657 769 780 812 Certe
801 770 983 812 eiusdem
1004 771 1181 812 notionis
1212 771 1373 812 iteratio
1403 772 1462 812 nil
1492 771 1617 813 habet
1646 774 1749 825 miri,
1780 773 1823 815 id
1853 775 1962 828 quod

231 843 374 880 contra
393 839 607 881 Baiterum
627 839 730 881 dico.
789 839 923 880 Immo
954 854 1071 881 suam
1091 839 1217 881 habet
1245 844 1287 881 et
1316 841 1398 881 vim
1429 845 1471 882 et
1499 842 1711 883 rationem.
1777 842 1961 885 »Vehe-

230 913 418 950 menter
465 909 595 950 enim
644 908 925 950 auditorem
982 913 1254 950 commovet
1312 908 1529 950 eiusdem
1588 910 1962 965 redintegratio

230 976 368 1018 verbi
405 981 456 1018 et
494 977 674 1018 vulnus
712 978 869 1018 maius
899 977 1085 1029 efficit,
1130 979 1271 1031 quasi
1311 977 1520 1031 aliquod
1559 979 1717 1020 telum
1759 982 1963 1035 saepius

230 1046 497 1100 perveniat
527 1046 576 1086 in
606 1046 811 1087 eandem
842 1050 1034 1100 partem
1065 1047 1317 1100 corporis«
1367 1046 1491 1088 Auct.
1523 1047 1576 1088 ad
1606 1047 1707 1089 Her.
1738 1048 1805 1091 IV
1838 1050 1861 1102 ,ξ
1893 1051 1960 1091 38.

230 1113 433 1155 Hercules
462 1118 678 1168 superatur
708 1129 733 1155 a
762 1114 928 1155 femina.
990 1113 1108 1168 Quae
1146 1111 1211 1155 re's
1251 1115 1474 1168 excogitari
1513 1120 1649 1169 potest
1688 1121 1760 1158 aut
1799 1120 1963 1171 gravior

231 1187 304 1224 aut
346 1180 536 1224 uberior?
595 1182 647 1223 In
690 1183 763 1223 tali
810 1184 1015 1224 sententia
1059 1183 1326 1237 exprimenda
1365 1184 1433 1224 vix
1474 1188 1590 1225 curat
1631 1183 1795 1227 Graeca
1839 1186 1963 1229 verba,

232 1252 441 1305 interpres,
480 1251 521 1292 id
550 1251 659 1305 quod
689 1256 731 1292 et
760 1265 809 1293 ex
839 1251 916 1293 hoc
946 1252 1034 1293 loco
1066 1256 1239 1306 apparet
1267 1256 1308 1293 et
1338 1266 1388 1293 ex
1418 1253 1477 1293 eis
1507 1252 1700 1305 versibus,
1740 1255 1809 1307 qui
1839 1257 1962 1309 paulo

231 1324 324 1375 post
353 1320 545 1374 leguntur
578 1320 722 1361 »Heul
771 1320 1029 1374 Virginalem
1071 1334 1135 1361 me
1175 1334 1243 1362 ore
1274 1321 1479 1374 ploratum
1517 1321 1650 1373 edere,
1697 1321 1831 1376 Quem
1862 1325 1964 1366 vidit

231 1402 350 1429 nemo
383 1389 456 1430 ulli
488 1390 820 1442 ingemiscentem
851 1389 1001 1430 malo«.
1062 1388 1174 1443 Quid
1204 1394 1348 1430 contra
1378 1390 1487 1444 apud
1518 1389 1793 1444 Sophoclem?
1843 1388 1964 1443 ὅστις

233 1452 344 1499 ὥστε
377 1456 595 1512 παρθένος
623 1455 806 1512 βέβρυχα
836 1455 1007 1507 κλαίων,
1046 1456 1132 1499 καὶ
1171 1453 1279 1499 vo'd'
1324 1451 1428 1500 οὐδ’
1463 1454 1519 1499 ἄν
1548 1452 1622 1508 εἷς
1662 1474 1789 1501 ποτε
1818 1459 1964 1503 τόνδε

233 1521 393 1581 ἄνδρα
423 1523 551 1582 φαίη
584 1522 777 1580 πρόσθ’
811 1522 942 1568 ἰδεῖν
981 1527 1247 1584 δεδρακότα.
1307 1526 1438 1568 Totus
1468 1526 1534 1568 hic
1563 1532 1793 1581 postremus
1823 1544 1962 1571 versus

232 1595 348 1636 deest
376 1595 486 1649 apud
508 1594 760 1644 Ciceronem,
787 1609 917 1648 neque
949 1595 1039 1636 ideo
1071 1595 1213 1647 solum,
1244 1595 1353 1648 quod
1381 1595 1548 1636 verbum
1571 1594 1809 1651 δεδρακότα
1838 1599 1962 1639 nimis

233 1665 412 1705 ieiunum
442 1663 656 1705 videbatur
687 1664 910 1718 interpreti,
955 1664 1027 1706 sed
1066 1664 1175 1718 quod
1215 1665 1365 1705 iustam
1406 1664 1620 1706 verborum
1651 1667 1962 1719 oppositionem,

231 1747 336 1787 quae
356 1736 419 1774 est
438 1733 544 1773 inter
567 1733 795 1786 »ploratum
816 1732 959 1774 edere«
984 1737 1025 1774 et
1049 1734 1362 1786 »ingemiscere«
1398 1734 1637 1787 interposito
1660 1748 1777 1776 versu
1806 1735 1960 1777 turbari

231 1806 273 1843 et
293 1802 409 1855 quasi
430 1801 630 1843 retardari
650 1801 791 1843 noluit.
850 1801 1018 1843 Etenim
1053 1802 1405 1855 »ingemiscere
1436 1816 1529 1843 non
1560 1817 1827 1857 numquam
1858 1806 1961 1845 viro

232 1885 516 1912 concessum
547 1875 639 1922 est,
671 1870 818 1924 idque
848 1884 988 1912 raro«
1033 1869 1130 1912 Tus.
1161 1870 1209 1911 ΙΙ
1242 1873 1306 1922 55,
1356 1871 1502 1924 »quid
1535 1875 1699 1912 autem
1730 1877 1804 1913 est
1833 1872 1963 1914 fletu

231 1938 465 1980 muliebri
508 1940 614 1980 viro
654 1937 912 1993 turpiuSP«
956 1938 1065 1992 (ibid.
1098 1940 1121 1992 ξ
1155 1941 1240 1992 57);
1287 1953 1497 1993 nunquam
1529 1940 1653 1993 igitur
1681 1940 1779 1982 licet
1815 1942 1960 1995 »virgi-

231 2008 367 2049 nalem
398 2007 516 2050 edere
547 2008 791 2062 ploratum«.
850 2007 998 2062 Itaque
1029 2022 1080 2049 ne
1112 2008 1231 2049 sistat
1260 2008 1417 2049 flumen
1449 2009 1656 2061 orationis,
1697 2010 1838 2050 statim
1870 2025 1961 2051 cam

232 2077 440 2118 notionem
469 2076 649 2130 opponit,
694 2077 736 2116 in
776 2090 859 2130 qua
897 2090 1101 2117 summum
1139 2080 1203 2117 est
1232 2076 1393 2130 pondus
1424 2102 1476 2107 --
1507 2077 1662 2118 scilicet
1698 2072 1962 2127 ἀστένακτος

232 2139 421 2202 εἱπόμην
451 2146 602 2194 κακοῖς
636 2145 790 2186 »siccus
821 2159 1039 2186 aerumnas
1069 2145 1169 2186 tuli«
1204 2144 1353 2186 Pseud.
1386 2144 1529 2187 Senec.
1559 2145 1685 2187 Herc,
1717 2145 1809 2188 Oet.
1843 2148 1962 2188 1268.

229 2213 370 2255 Instar
409 2214 534 2267 igitur
574 2214 755 2255 omnium
796 2213 864 2255 hic
902 2218 948 2255 ut
986 2214 1129 2267 opinor
1167 2213 1280 2255 locus
1319 2218 1391 2266 est,
1436 2215 1469 2255 si
1509 2215 1599 2268 quis
1639 2215 1736 2255 velit
1778 2214 1962 2256 conferre

230 2286 434 2324 oratorem
476 2296 569 2324 cum
610 2286 742 2336 poeta.
813 2281 966 2324 Orator
1007 2286 1144 2324 autem
1185 2281 1328 2324 Cicero
1370 2283 1455 2337 ipse
1494 2283 1614 2325 docet
1662 2301 1678 2320 >>
1693 2284 1872 2327 afflicta
1917 2289 1962 2325 et

229 2354 484 2405 prostrata
529 2352 681 2395 virtus
728 2351 934 2392 maxime
979 2351 1213 2393 luctuosa
1255 2355 1360 2392 est«
1407 2351 1471 2401 (de
1513 2365 1567 2392 or.
1598 2351 1646 2392 Π
1688 2354 1840 2403 §UD
1889 2367 1963 2394 nec

229 2420 447 2473 quicquam
489 2433 577 2461 esse
626 2420 822 2473 »nequius
865 2424 939 2461 aut
977 2421 1137 2474 turpius
1179 2420 1482 2461 ecfeminato
1524 2421 1632 2461 viro«
1682 2419 1847 2461 Tuscul.
1891 2420 1962 2461 ῙΙῘ

231 2488 255 2541 ξ
286 2489 351 2529 36.
439 2487 553 2542 Ergo
598 2488 865 2530 succumbens
910 2488 1101 2530 fortunae
1143 2489 1326 2542 queritur
1370 2488 1574 2530 Hercules
1621 2488 1963 2530 »ecfeminata

231 2558 383 2600 virtus
429 2558 611 2602 afflicta
656 2557 825 2599 occidit«
867 2578 910 2592 =
950 2558 1047 2598 >>νῦν
1085 2552 1126 2598 δ’
1169 2553 1217 2599 ἐκ
1255 2554 1454 2598 τοιούτου
1494 2556 1634 2612 θῆλυς
1665 2551 1849 2613 ηἶῖρημαι
1890 2552 1962 2598 τά·

230 2623 330 2674 stag«
369 2626 488 2667 1075.
519 2651 573 2655 —

340 2693 559 2736 Affectum
590 2709 673 2736 una
702 2709 794 2736 cum
834 2708 930 2736 voce
970 2695 1143 2736 oratoris
1173 2697 1422 2736 crescentem
1456 2693 1677 2735 subaudire
1708 2694 1825 2735 nobis
1856 2695 1962 2736 vide-

229 2775 319 2803 mur
358 2776 408 2803 ex
453 2762 517 2802 his
566 2764 737 2804 »accede
782 2767 895 2814 nate,
939 2763 1107 2815 adsiste,
1156 2762 1433 2804 miserandum
1480 2763 1615 2816 aspice
1630 2782 1645 2800 x<
1698 2762 1964 2815 προσελθών

228 2830 364 2886 στῆθι
406 2827 594 2887 πλησίον
636 2830 816 2887 πατρός.
877 2831 959 2873 Ter
998 2833 1122 2885 igitur
1164 2832 1270 2873 idem
1310 2830 1477 2872 adhibet
1520 2830 1628 2871 verbi
1673 2845 1813 2883 gemm,
1855 2832 1962 2885 quod

230 2899 468 2953 imperantis
499 2900 630 2953 magis
661 2904 724 2941 est
752 2914 876 2953 quam
908 2902 1125 2954 precantis,
1167 2900 1322 2941 scilicet
1351 2903 1397 2940 ut
1426 2899 1501 2939 filii
1535 2900 1671 2939 animo
1702 2904 1837 2942 motus
1869 2902 1963 2941 niis-

228 2971 398 3009 ceantur
427 2972 470 3008 et
499 2968 717 3021 agitentur.
778 2968 925 3010 Oratio
956 2973 1002 3010 ut
1031 2968 1162 3010 tribus
1192 2972 1465 3020 exaggeratur
1497 2968 1757 3021 imperativis,
1804 2970 1862 3009 ita
1892 2970 1962 3009 tri-

227 3034 303 3076 bus
334 3036 604 3077 concinnatur
634 3038 832 3091 appositis
868 3054 883 3070 *s
898 3037 1232 3078 miserandum
1247 3055 1284 3081 ᾳ,
1332 3037 1753 3082 »evisceratum«,
1802 3038 1962 3078 *laco-

227 3108 386 3145 ratum
431 3118 616 3159 corpus«.
677 3106 862 3158 Quorum
903 3106 1079 3159 primum
1119 3105 1251 3146 refero
1295 3104 1346 3145 ad
1389 3104 1605 3157 Sophoclis
1649 3119 1809 3147 versum
1860 3108 1961 3146 1079

1599 3184 1652 3219 3·
