2159 3481
945 131 1221 174 -31-

220 258 326 300 Tim.
355 272 450 313 pag.
481 258 638 302 100820
685 271 818 311 neque
863 256 1126 298 terminum
1167 254 1408 297 malorum
1450 254 1564 308 prius
1610 254 1783 308 aspiciet
1815 275 1866 289 =
1897 249 1947 296 οὗ

221 324 434 383 πρότερον
466 324 613 369 πόνων
643 323 766 383 λήξοι
797 325 851 366 42
865 324 912 367 C.

333 395 481 450 Spicas
512 395 679 447 contuli,
722 394 917 449 quoniam
958 407 1008 434 ex
1048 406 1148 446 agro
1187 392 1437 447 depopulato
1478 405 1560 433 non
1591 391 1688 433 licet
1717 392 1949 446 manipulos

220 464 425 519 colligere.
486 464 572 507 Sed
614 477 864 518 quamquam
904 461 1110 516 quomodo
1149 461 1274 502 verba
1313 461 1480 502 verterit
1518 460 1654 501 dicere
1694 474 1777 502 non
1807 475 1949 514 possu-

220 548 323 585 mus,
351 533 538 574 videmus
556 532 701 574 saltem
723 530 860 585 quoad
890 530 971 570 vim
998 533 1144 583 poetae
1167 529 1412 583 expresserit
1433 527 1591 571 Cicero.
1651 527 1761 568 Nam
1799 530 1950 583 »spirat

219 602 422 656 tragicum
464 601 563 643 satis
602 604 643 642 et
680 599 856 641 feliciter
885 598 1049 639 audet«.
1109 597 1182 638 An
1223 612 1304 639 non
1346 601 1408 638 est
1451 596 1589 638 audax
1627 596 1670 637 in
1710 597 1949 639 vocabulis?

220 670 542 712 Animadvertas
591 673 853 719 »castrum«,
916 665 1169 708 »advolatu«
1226 661 1367 719 (ἅπαξ
1409 661 1664 719 λεγόμενοι),
1726 665 1945 707 »adesum«

218 739 483 793 (Thielmann
519 738 593 779 »de
624 736 822 779 sermonis
851 735 1040 790 propriet.
1070 734 1113 775 in
1142 734 1260 788 prim.
1279 733 1365 776 Cic.
1388 733 1503 776 libr.«
1528 748 1624 787 pag.
1644 733 1683 785 7)
1719 734 1944 788 »aspellor«

224 808 499 859 »horrisono«,
541 810 582 848 et
612 805 694 847 alia
724 819 830 858 quae
861 804 947 845 eius
978 803 1138 857 generis
1178 806 1284 844 sunt.
1346 802 1426 843 Est
1455 802 1576 854 6111111,
1619 806 1666 843 ut
1696 802 1754 843 ait
1785 802 1949 856 Quinti-

218 877 354 919 lianus
385 875 434 917 X
465 876 501 927 1,
530 875 584 917 66
615 873 849 928 Aeschylus
888 872 1073 914 sublimis
1104 875 1146 912 et
1176 871 1311 924 gravis
1342 875 1383 912 et
1421 870 1787 925 grandiloquus
1827 886 1950 926 saepe

219 960 347 999 usque
378 945 431 986 ad
461 944 645 986 vitium«.
706 941 852 984 Talem
885 941 1123 992 orationem,
1166 944 1213 981 ut
1248 940 1480 981 imitaretur
1511 939 1657 983 Cicero
1698 940 1784 993 ipse
1815 941 1952 994 gravis

220 1013 589 1068 etgrandiloquus
620 1025 706 1054 esse
737 1010 928 1052 debebat.

332 1082 505 1123 Praeter
541 1081 616 1122 hos
662 1094 799 1122 versus
844 1083 979 1121 exstat
1015 1078 1220 1120 sententia
1260 1092 1311 1120 ex
1341 1077 1589 1119 Prometheo
1629 1078 1767 1120 vincto
1797 1078 1879 1120 377
1891 1094 1950 1133 sq.

218 1151 371 1193 tralata
408 1151 451 1191 in
483 1149 694 1193 Ciceronis
725 1148 971 1190 Tusculanis
1000 1147 1090 1200 (III
1121 1147 1202 1196 76).
1264 1144 1383 1201 λόγοι
1425 1146 1618 1188 dicuntur
1657 1147 1709 1188 ab
1740 1147 1951 1202 Aeschylo

219 1217 375 1274 ἰατροί,
417 1219 540 1274 plane
582 1217 724 1260 eodem
768 1217 902 1269 modo,
947 1230 1028 1270 quo
1068 1219 1249 1257 oratores
1289 1216 1557 1257 conferuntur
1598 1229 1690 1257 cum
1727 1216 1897 1258 medicis
1928 1231 1952 1258 a

220 1289 397 1331 Platone
427 1287 620 1342 (Phaedr.
651 1286 734 1328 270
748 1286 813 1338 Β),
858 1300 882 1327 a
913 1285 1115 1328 Cicerone
1147 1284 1198 1326 de
1230 1298 1286 1326 or.
1319 1284 1368 1325 ΙΙ
1400 1284 1493 1336 186,
1534 1283 1585 1325 (16
1616 1284 1769 1327 invent.
1802 1284 1826 1325 Ι
1857 1286 1880 1339 ξ
1911 1285 1950 1327 6.

219 1357 382 1411 Itaque,
412 1360 458 1398 ut
491 1356 637 1399 Cicero
667 1356 711 1396 in
743 1354 866 1397 Catil.
896 1353 946 1395 ΙΙ
979 1354 1029 1395 17
1063 1353 1167 1395 dixit
1201 1353 1530 1395 »medicinam
1562 1353 1863 1405 orationis«⁷
1892 1354 1952 1396 ita

220 1426 298 1467 hoc
340 1425 431 1467 loco
476 1423 698 1466 dicendum
742 1423 823 1464 fuit
871 1423 1212 1464 »orationem«
1260 1436 1343 1463 non
1390 1421 1655 1463 »rationem«.
1725 1420 1797 1464 Sic
1841 1422 1950 1463 enim

218 1494 387 1535 librarii.
447 1491 632 1535 Salutari
662 1495 801 1533 autem
824 1490 1127 1532 medicamento
1149 1490 1369 1544 opponitur
1397 1489 1577 1541 morbus,
1607 1490 1673 1530 cui
1701 1489 1949 1532 medicinam

220 1562 407 1605 adhiberi
449 1561 546 1603 vult.
591 1560 675 1603 scil.
721 1555 824 1616 ὀργή
869 1560 1068 1601 νοσοῦσα.
1158 1558 1441 1610 Dindorfium,
1483 1558 1582 1600 dum
1628 1559 1779 1600 conicit
1822 1553 1953 1615 ὀργῆς

220 1629 405 1688 ζεούσης,
447 1630 557 1684 fugit
595 1625 727 1686 ὀργήν
768 1643 855 1670 6336
895 1629 1023 1670 animi
1053 1626 1312 1670 affectionem
1353 1627 1528 1682 positam
1569 1641 1644 1681 pro
1683 1627 1770 1681 ipso
1801 1628 1952 1680 animo,

221 1701 290 1755 qui
320 1714 393 1742 cur
426 1713 595 1753 »aeger«
631 1698 711 1740 dici
741 1701 933 1751 nequeat,
972 1696 1163 1751 equidem
1204 1711 1286 1738 non
1317 1696 1447 1738 video.
1509 1695 1654 1739 Cicero
1685 1696 1851 1738 nomine
1883 1691 1950 1750 ὀρ-

220 1770 296 1826 γῆς
325 1768 474 1810 ductus
502 1768 626 1809 vertit
658 1766 961 1818 »iracundiae«,
990 1766 1114 1819 idque
1145 1765 1393 1808 felicissime.
1453 1764 1524 1808 Sic
1555 1765 1663 1806 enim
1695 1766 1850 1807 factum
1881 1770 1953 1818 est,

220 1842 267 1880 ut
303 1834 511 1894 νοσούσης
548 1836 716 1891 propria
757 1835 941 1877 versione
981 1848 1065 1876 non
1104 1838 1253 1888 egeret.
1313 1834 1483 1875 Etenim
1521 1833 1658 1875 differt
1698 1834 1750 1875 ab
1780 1834 1842 1875 ira
1873 1835 1952 1875 ira-

221 1906 390 1958 cundia3
441 1905 679 1947 »iracundia
719 1908 780 1946 est
816 1908 1055 1958 perpetua«,
1100 1904 1186 1944 »ira
1226 1903 1277 1944 ad
1313 1907 1476 1957 tempus
1513 1903 1772 1957 suscipitur«.
1831 1903 1954 1945 Tusc.

221 1975 289 2017 IV
322 1975 346 2027 ξ
375 1974 442 2027 27,
486 1974 643 2017 Victor.
674 1973 728 2015 ad
759 1973 846 2016 Cic.
876 1972 1047 2014 Rhetor.
1078 1972 1128 2014 ΙΙ
1157 1972 1184 2014 5
1214 1987 1308 2026 pag.
1340 1972 1422 2014 126
1465 1971 1537 2015 Or.
1571 1971 1718 2014 Senec.
1748 1971 1846 2012 dial.
1877 1971 1953 2013 ΙΙΙ

220 2044 259 2096 4,
291 2044 312 2085 1
350 2044 502 2085 »iratus
531 2047 667 2097 potest
697 2056 785 2085 esse
815 2055 898 2083 11011
928 2040 1163 2093 iracundus,
1192 2040 1415 2082 iracundus
1445 2044 1581 2095 potest
1610 2040 1836 2094 aliquando
1867 2055 1951 2082 non

221 2127 308 2155 esse
337 2113 505 2154 iratus«.
564 2111 632 2153 Ne
661 2111 804 2163 multa,
848 2109 1064 2152 iracundia
1093 2112 1284 2154 morbus
1317 2113 1379 2151 est
1408 2110 1548 2161 animi,
1593 2109 1635 2150 id
1666 2109 1776 2163 quod
1808 2109 1871 2150 vel
1903 2123 1953 2150 ex

221 2183 280 2223 613
310 2184 494 2235 apparet,
533 2194 639 2234 quae
671 2180 816 2223 Cicero
847 2179 910 2221 his
940 2178 1123 2221 versibus
1153 2179 1363 2233 praemisit
1396 2178 1663 2220 »sumendum
1697 2183 1861 2232 tempus
1892 2182 1953 2220 est

222 2264 303 2292 non
353 2250 489 2291 minus
535 2250 578 2290 in
627 2249 858 2290 animorum
905 2247 1074 2300 morbis,
1132 2262 1258 2301 quam
1306 2248 1349 2288 in
1399 2261 1661 2302 corporum«.
1751 2246 1954 2289 Concedit

222 2318 481 2373 Aeschyleus
512 2317 783 2360 Prometheus
822 2331 961 2359 verum
1003 2330 1091 2359 esse
1123 2315 1282 2359 Oceani
1314 2316 1483 2368 dictum,
1527 2315 1752 2358 dummodo
1783 2316 1874 2369 quis
1911 2312 1953 2356 ἐν

223 2388 375 2440 καιριῦι
405 2384 662 2442 μαλθάσσῃ
693 2384 808 2440 κέαρ.
871 2385 954 2440 Qui
984 2389 1128 2427 contra
1159 2389 1387 2427 tumentem
1425 2386 1607 2426 animum
1636 2406 1679 2419 =
1706 2383 1953 2440 σφριγιῦνιοι

224 2453 367 2510 θυμόν
397 2457 436 2498 vi
465 2456 687 2510 reprimere
719 2455 860 2509 cupiat
895 2476 938 2488 =
973 2452 1064 2508 βίαι
1100 2450 1322 2511 ἱσχναίνηι,
1361 2468 1454 2495 611111
1487 2468 1567 2495 11011
1598 2453 1794 2494 adhibere
1827 2453 1953 2494 medi-

224 2525 358 2566 cinam
394 2524 466 2566 sed
496 2528 740 2576 currentem,
770 2528 816 2565 ut
846 2523 964 2564 aiunt
993 2523 1178 2565 incitare.
1241 2522 1388 2565 Cicero
1419 2522 1518 2563 dum
1549 2522 1682 2573 vertit,
1712 2521 1754 2562 id
1784 2525 1955 2575 spectat,

223 2596 270 2634 ut
309 2607 451 2635 36113113
489 2596 659 2635 maneat
697 2592 806 2634 idem
847 2605 929 2633 non
973 2591 1236 2633 manentibus
1277 2590 1419 2632 verbis.
1490 2590 1639 2643 Itaque
1683 2590 1828 2644 pergit.
1872 2605 1955 2644 qua

225 2665 417 2716 coeperat
445 2662 624 2716 imagine
655 2662 735 2703 uti:
781 2660 983 2702 »mederi«
1024 2660 1295 2702 »medicinam
1328 2659 1593 2711 admovens«,
1638 2659 1842 2700 χ>νο111113<».
1902 2659 1954 2700 ld

225 2729 325 2771 mihi
363 2734 581 2784 propterea
621 2730 768 2784 placet,
813 2729 922 2785 quod
966 2734 1102 2771 tumor
1142 2729 1212 2770 ille
1250 2729 1376 2770 animi
1415 2728 1478 2780 (cf.
1521 2728 1768 2783 σφριγῶντα
1799 2725 1955 2780 θυμόν)

225 2798 288 2840 vel
318 2798 394 2840 sub
439 2798 724 2840 »iracundiae«
767 2799 932 2841 nomine
962 2797 1268 2852 quodammodo
1307 2797 1409 2839 latet
1447 2797 1499 2838 cf.
1544 2796 1764 2850 »sapientis
1793 2796 1956 2838 animus

227 2881 435 2921 nunquam
468 2867 682 2921 turgescit,
712 2882 936 2921 numquam
970 2869 1145 2917 tumet,
1191 2870 1235 2907 at
1274 2867 1434 2907 iratus
1473 2865 1670 2906 animus
1710 2865 1953 2906 eiusmodi

226 2940 328 2978 cst«
379 2935 500 2978 Tusa.
533 2935 606 2977 ΙΙΙ
638 2936 662 2989 ξ
695 2937 759 2978 19.
818 2936 950 2977 Totus
988 2936 1115 2988 igitur
1151 2934 1265 2977 locus
1303 2935 1480 2988 speciem
1523 2934 1707 2975 mutavit.
1765 2933 1862 2975 Noli
1902 2958 1953 2962 —

225 3005 283 3046 316
312 3005 371 3046 ait
401 3003 558 3057 Cicero,
603 3003 686 3045 noli
727 3004 895 3058 inquam
935 3003 1079 3045 volnus
1120 3017 1245 3044 manu
1277 3003 1459 3044 incitare.
1520 3002 1571 3043 Id
1602 3003 1710 3044 6111111
1743 3004 1812 3056 qui
1845 3002 1957 3054 fucit,

227 3087 310 3115 non
340 3073 375 3114 is
404 3077 536 3125 sanat,
574 3072 647 3114 sed
687 3072 886 3115 vulnerat.
947 3072 997 3113 In
1039 3072 1115 3113 hoc
1153 3075 1291 3113 :uitem
1333 3072 1630 3113 sententiarum
1660 3085 1819 3114 conexu
1852 3070 1955 3113 bene
