2159 3481
327 870 380 911 In
409 870 486 911 hoc
516 869 711 923 opusculo
741 868 1041 923 disputabimus
1071 869 1248 923 primum
1278 868 1328 910 de
1351 868 1562 910 Ciceronis
1588 868 1769 921 Arateis,
1799 869 1946 912 deinde

216 939 266 980 de
298 937 479 989 Timaeo,
509 942 598 978 tum
628 937 678 979 de
711 938 769 979 eis
799 938 908 989 locis,
939 951 1040 990 quos
1068 936 1214 978 Cicero
1244 951 1294 978 ex
1324 936 1509 978 Homero
1539 937 1786 991 tragicisque
1816 939 1947 992 poetis

215 1006 438 1047 translatos
469 1005 761 1060 philosophicis
792 1005 981 1060 operibus
1011 1006 1242 1046 immiscuit.

782 1187 823 1230 Ι.
857 1184 1027 1241 Caput:
1066 1186 1135 1228 De
1167 1186 1374 1229 Arateis.

328 1300 395 1342 De
417 1300 597 1352 Arateis,
627 1301 697 1353 qui
728 1299 863 1341 adhuc
884 1301 1144 1354 scripserunt,
1174 1300 1398 1342 Eduardus
1419 1299 1526 1341 Moll
1561 1300 1754 1343 »Ciceros
1774 1301 1946 1355 Aratea,

216 1371 305 1411 eine
356 1368 502 1411 Studie
551 1368 652 1410 iiber
699 1369 778 1410 den
829 1368 953 1410 Wert
1000 1368 1072 1410 des
1119 1356 1394 1411 Cbersetzens
1444 1384 1518 1411 aus
1563 1369 1941 1424 Fremdsprachen«

215 1438 437 1492 Argentor.
470 1439 598 1488 1890,
644 1436 888 1492 Maybaum:
937 1437 1028 1479 »De
1060 1436 1258 1480 Cicerone
1298 1442 1340 1479 et
1380 1437 1629 1480 Germanico
1659 1438 1784 1480 Arati
1823 1441 1946 1482 inter-

215 1507 420 1562 pretibus«
454 1506 667 1548 Rostochii
691 1508 797 1548 1885
829 1521 945 1547 suam
976 1506 1051 1547 sibi
1082 1511 1252 1560 uterque
1284 1506 1449 1548 laudem
1469 1512 1728 1561 pepererunt.
1788 1507 1948 1562 Quibus

215 1575 373 1617 duobus
405 1575 692 1629 adiungendus
731 1579 794 1616 est
822 1576 968 1616 tertius
998 1575 1319 1616 Winterfeldius
1349 1575 1641 1628 Berolinensis,
1685 1578 1800 1618 cuius
1840 1592 1947 1619 com-

214 1646 510 1686 mentationem
540 1645 722 1698 praemio
753 1648 941 1685 ornatam
977 1644 1078 1685 mihi
1118 1644 1283 1698 quidem
1323 1645 1523 1698 inspicere
1564 1659 1645 1686 non
1676 1646 1802 1687 licuit.
1862 1645 1947 1687 Ex-

216 1717 300 1754 stat
343 1714 452 1754 enim
482 1712 649 1766 Lipsiae
689 1712 832 1754 Fockii
878 1714 920 1753 in
964 1712 1133 1754 aedibus
1174 1715 1518 1767 manuscriptum,
1560 1714 1669 1768 quod
1715 1714 1949 1756 inscribitur

219 1780 304 1822 >›M.
335 1780 447 1822 Tulli
494 1780 704 1823 Ciceronis
749 1780 1001 1822 Arateorum
1044 1795 1148 1834 quae
1191 1786 1426 1835 supersunt,
1473 1780 1712 1824 Germanici
1756 1781 1948 1824 Caesaris

215 1848 392 1901 Aratea,
435 1847 585 1890 Avieni
622 1848 895 1903 metaphrasis
924 1848 1177 1890 Arateorum
1215 1863 1308 1891 cum
1339 1848 1512 1892 Graecis
1542 1849 1666 1891 Arati
1698 1851 1946 1893 carminibus

217 1919 276 1958 ita
305 1918 410 1959 inter
452 1931 494 1958 se
536 1921 846 1971 comparantur,
891 1922 938 1958 ut
978 1917 1077 1971 quid
1116 1918 1260 1971 cuique
1300 1918 1475 1958 versioni
1514 1919 1723 1972 proprium
1762 1920 1816 1960 sit
1854 1920 1949 1961 inde

217 1990 525 2039 cognoscatur«.
564 1985 842 2027 Berol.1893.
901 1985 1216 2041 Maybaumium
1245 1986 1431 2040 denique,
1462 1987 1531 2040 qui
1562 1988 1718 2040 primus
1739 1986 1950 2029 Ciceronis

218 2055 319 2095 vitia
349 2054 590 2106 observavit,
619 2058 783 2095 secutus
813 2058 876 2096 est
898 2053 1110 2097 Grollmus
1145 2054 1236 2096 »De
1258 2054 1455 2097 Cicerone
1476 2059 1622 2109 poeta«
1657 2055 1817 2110 Regim.
1841 2058 1946 2098 1887

217 2137 308 2177 pag.
344 2125 395 2163 14
408 2137 466 2176 sq.
527 2122 733 2176 Equidem
763 2137 839 2165 nec
870 2137 1077 2177 quaeram,
1107 2138 1231 2177 quam
1261 2123 1364 2165 bene
1404 2137 1480 2165 nec
1509 2138 1634 2177 quam
1664 2129 1773 2166 recte
1806 2124 1950 2167 Cicero

218 2192 386 2232 verterit
414 2191 612 2243 Aratum,
654 2191 727 2233 sed
765 2206 847 2245 qua
888 2195 975 2232 arte
1005 2191 1232 2245 quibusque
1267 2206 1365 2233 usus
1397 2192 1571 2233 auxiliis.
1630 2192 1800 2234 Etenim
1830 2192 1950 2249 May-

218 2259 407 2301 baumius
452 2260 548 2301 olim
589 2261 631 2300 in
664 2259 874 2302 Ciceronis
902 2260 1085 2302 versibus
1115 2259 1252 2302 Attali
1294 2261 1468 2314 vestigia
1497 2260 1669 2313 detexit,
1714 2276 1764 2303 ex
1805 2262 1951 2316 quibus

218 2330 451 2383 suspicatus
490 2333 553 2370 est
596 2330 861 2383 interpretem
905 2329 958 2371 ad
988 2330 1215 2371 versionem
1259 2329 1479 2371 advocasse
1520 2329 1733 2371 doctorum
1774 2331 1951 2373 virorum

219 2398 543 2439 commentarios.
601 2397 881 2451 Argumenta,
925 2412 1030 2452 quae
1061 2398 1354 2453 Maybaumius
1385 2399 1542 2450 attulit,
1585 2399 1685 2439 mihi
1717 2413 1799 2440 11011
1831 2400 1951 2441 suffi—

219 2466 343 2507 ciunt.
412 2465 558 2520 Neque
600 2467 709 2507 enim
751 2467 887 2508 Attali
931 2471 1110 2519 tantum,
1156 2481 1295 2508 verum
1340 2468 1465 2508 etiam
1512 2467 1742 2521 Hipparchi
1789 2473 1954 2510 exstant

220 2536 392 2588 vestigia
422 2536 463 2575 in
496 2534 706 2577 Ciceronis
744 2535 936 2577 versibus.
996 2535 1125 2579 Velut
1168 2537 1421 2590 vituperatur
1465 2541 1587 2590 poeta
1627 2536 1679 2577 ab
1710 2536 1953 2591 Hipparcho

222 2604 262 2644 in
294 2605 363 2656 eis,
394 2618 498 2658 quae
528 2620 565 2646 v.
589 2606 668 2646 672
701 2605 806 2646 dixit
835 2604 885 2646 de
916 2606 1083 2646 sinistra
1112 2604 1210 2646 Nixi
1241 2620 1367 2646 manu
1396 2605 1461 2646 his
1492 2605 1623 2646 vorbis
1666 2600 1715 2661 ἡ
1748 2598 1952 2661 οἷριστερά

219 2668 308 2726 χείρ
339 2673 417 2713 τοῦ
443 2668 689 2728 Ἔγγόνασιν
717 2675 815 2723 ταῖς
848 2673 1015 2728 Χηλαῖς
1047 2672 1343 2715 συνανατέλλει
1386 2672 1460 2714 καὶ
1503 2668 1551 2714 οὗ
1590 2673 1665 2714 τῶι
1700 2672 1949 2728 Enopm‘wc.

222 2754 314 2794 pag.
351 2741 427 2781 162
460 2739 575 2782 Man.
636 2741 780 2783 Cicero
811 2757 846 2783 v.
877 2744 958 2783 459
973 2756 1030 2796 sq.
1060 2742 1110 2783 de
1142 2742 1285 2784 eadem
1316 2756 1358 2783 re
1390 2742 1555 2783 0111111110
1598 2746 1719 2782 tacet.
1778 2742 1956 2785 Videtur

222 2809 539 2850 controversiam
570 2809 716 2863 legisse
756 2811 797 2851 in
839 2811 992 2851 scholio
1034 2810 1149 2852 nobis
1187 2824 1267 2851 11011
1300 2815 1471 2851 servato.
1532 2810 1644 2863 Quia
1673 2810 1838 2853 dubiam
1871 2826 1954 2854 rem

222 2891 309 2918 esse
341 2877 524 2932 putabat,
561 2878 653 2919 vide
684 2892 734 2919 ne
764 2892 854 2919 eam
886 2879 1072 2920 consulto
1103 2880 1296 2920 omiserit.
1329 2904 1381 2908 ——
1415 2878 1481 2919 De
1514 2878 1681 2919 Orionis
1712 2893 1857 2921 occasu
1889 2896 1955 2922 ex-

224 2948 309 2986 stat
338 2946 551 2999 praeclara
582 2945 809 3000 Hipparchi
842 2947 1067 3000 disputatio
1099 2950 1205 3001 (pag.
1230 2949 1282 2987 66
1315 2946 1445 2996 Man.)
1476 2951 1620 2988 contra
1651 2946 1857 2992 Attalum.
1887 2950 1955 3002 qui

224 3012 330 3055 falso
373 3014 619 3055 intellexisse
659 3014 808 3056 dicitur
841 3014 961 3056 Arati
1004 3015 1127 3056 verba
1173 3011 1359 3070 χ>ἀκρόθι
1390 3013 1560 3064 vunnim
1607 3016 1688 3056 308
1728 3020 1770 3056 ct
1813 3010 1952 3074 wfcbffi

226 3078 337 3137 πρό(
374 3084 467 3123 309.
527 3081 637 3124 Illud
669 3084 904 3134 significare
937 3084 1023 3124 vult
1054 3084 1320 3138 Hipparchus
1352 3098 1442 3137 pag.
1466 3086 1518 3123 (18
1555 3083 1679 3139 »περὶ
1712 3083 1767 3126 τὰ
1799 3082 1957 3138 ἔσχατα

1605 3164 1621 3197 1
1637 3163 1654 3182 U
