2159 3481
934 141 1213 184 „20-

207 281 256 309 ac
286 280 472 309 normam
493 267 654 310 dicendi
676 266 861 321 pluribus
890 266 990 307 mihi
1020 266 1145 308 liceat
1172 267 1370 322 exemplis
1390 268 1607 312 illustrare.
1666 268 1768 323 Pag.
1786 269 1937 313 100814

208 337 306 390 §45
338 336 512 389 legimus
549 337 641 390 »qui
671 340 805 377 recte
836 339 984 389 atque
1013 335 1223 377 honeste
1254 337 1500 379 curriculum
1529 339 1690 381 vivendi
1721 339 1945 380 confecerit

212 427 257 439 =
289 400 312 446 ὁ
347 397 391 446 εὖ
420 401 546 459 βιούς
585 406 638 446 4‘2
651 404 700 446 B.
760 404 915 446 Hercle
954 404 1158 458 quomodo
1197 397 1243 446 εὖ
1277 409 1464 459 verteret,
1510 420 1591 448 non
1636 409 1814 450 incertus
1855 413 1945 450 erat

206 475 416 528 interpres.
477 473 563 517 Sed
593 473 832 515 obversatur
869 474 1007 515 animo
1046 473 1087 515 id
1126 474 1235 528 quod
1266 476 1408 516 statim
1438 477 1631 530 sequitur,
1675 479 1767 531 »qui
1805 482 1943 520 autem

206 542 532 584 immoderate
574 547 623 584 et
662 543 995 596 intemperate
1033 543 1224 595 vixerit«3
1269 544 1470 598 utigitur
1499 546 1818 588 concinnitatem
1848 547 1943 588 effi-

205 615 326 664 ceret,
370 611 452 653 duo
493 612 707 666 usurpavit
747 610 951 653 adverbia.
1010 610 1112 666 Ipsa
1150 611 1335 654 membra
1375 613 1482 654 inter
1522 627 1565 655 se
1607 618 1704 656 sunt
1744 616 1944 669 opposita,

205 694 310 735 quae
342 679 494 723 Graeci
535 675 746 722 ἀντίθετα
783 681 1017 732 nominant;
1064 675 1276 722 ἀντίθετα
1316 685 1455 723 autem
1494 686 1541 724 ut
1582 683 1668 737 ipse
1709 683 1769 724 ait
1799 682 1944 726 Cicero

209 763 450 792 »numerum
478 750 702 792 oratorium
732 750 976 791 necessitate
1016 750 1106 804 ipsa
1134 749 1337 803 efficiunt,
1381 754 1423 792 et
1463 765 1557 793 eum
1597 752 1684 793 sine
1714 752 1940 794 industria«

205 820 358 871 (orator
389 819 413 871 ξ
448 819 557 872 166).

321 886 423 941 Pag.
455 888 580 931 99829
618 888 642 940 ξ
676 888 727 928 12
772 886 874 928 dicit
917 887 1118 941 interpres
1169 886 1270 929 »hoc
1314 888 1421 942 ipso,
1465 888 1575 942 quod
1620 889 1755 931 solus
1797 894 1945 944 atque

206 970 331 998 unus
361 959 470 997 esset
500 955 719 1009 (mundus),
766 955 915 997 idcirco
954 955 1259 1009 singularem
1299 956 1401 998 deus
1430 956 1540 999 hunc
1568 958 1767 1000 mundum
1799 962 1946 1013 atque

205 1025 472 1078 unigenam
510 1024 763 1078 procreavit«
804 1046 849 1058 =
883 1022 955 1064 ἵνα
987 1057 995 1065 .
1027 1057 1035 1065 .
1071 1056 1080 1064 .
1113 1056 1122 1064 .
1154 1022 1283 1066 κατὰ
1325 1022 1414 1082 τὴν
1451 1023 1675 1078 μόνωσιν
1717 1023 1868 1080 ὅμοιον
1899 1020 1946 1084 ἧι

205 1095 286 1135 τῶι
335 1091 542 1134 παντελεῖ
585 1088 733 1145 ζώιωι,
783 1090 856 1134 διὰ
901 1093 1038 1134 ταῦτα
1069 1125 1078 1134 .
1108 1125 1117 1134 .
1148 1125 1157 1134 .
1188 1125 1197 1135 .
1227 1086 1288 1142 εἷς
1330 1089 1405 1136 ὅδε
1448 1093 1725 1151 μονογενής
1768 1090 1947 1152 οὖρανός

205 1155 385 1218 γεγονώς
415 1159 508 1204 ἐστι
539 1164 589 1203 31
602 1161 652 1203 B.
714 1160 861 1205 Oratio
892 1161 1128 1204 bimembris
1158 1166 1221 1204 est
1249 1162 1405 1215 eadem,
1434 1177 1540 1217 quae
1570 1164 1680 1218 apud
1707 1165 1945 1219 scriptorem

205 1231 259 1273 ad
289 1231 550 1273 Herennium
578 1230 602 1272 I
634 1232 732 1284 §18
768 1235 839 1273 »ut
868 1231 1114 1283 ostenderet,
1146 1231 1199 1284 id,
1230 1231 1340 1286 quod
1370 1233 1619 1286 oportuisset
1648 1234 1946 1288 simpliciter

205 1315 260 1342 ac
299 1300 547 1354 singulari
585 1299 725 1342 modo
764 1299 920 1352 docere,
966 1300 1058 1341 illos
1088 1300 1344 1343 distribuisse
1379 1300 1657 1355 dupliciter
1695 1306 1743 1343 et
1782 1302 1944 1358 biper-

204 1371 346 1411 tito«.
404 1369 650 1423 Pag.99713
688 1371 755 1423 §8
787 1369 962 1423 legimus
998 1383 1115 1411 »cum
1147 1370 1310 1424 (oratio)
1340 1369 1391 1412 de
1421 1383 1464 1411 re
1496 1369 1668 1411 stabili
1700 1375 1748 1412 et
1778 1372 1945 1414 immu-

205 1438 358 1479 tabili
405 1436 510 1492 περὶ
551 1435 733 1491 μονίμου
770 1436 846 1479 καὶ
876 1435 1052 1492 βεβαίου
1094 1437 1198 1480 29Β
1241 1438 1428 1493 disputat
1457 1472 1464 1480 .
1495 1472 1503 1480 .
1536 1472 1544 1480 .
1575 1453 1667 1481 cum
1709 1444 1847 1482 autem
1886 1442 1945 1482 in-

204 1521 347 1561 gressa
384 1511 448 1548 est
491 1508 691 1548 imitata
735 1511 783 1548 et
827 1506 1012 1548 efficta
1057 1507 1300 1550 simulacra«
1341 1529 1385 1542 =
1421 1502 1523 1558 τοὺς
1563 1506 1609 1550 δὲ
1648 1506 1828 1564 (λόγους)
1868 1510 1947 1551 τοῦ

206 1573 319 1632 πρὸς
348 1574 426 1629 μὲν
455 1573 592 1618 ἐκεῖνο
624 1572 989 1626 ἀπεικασθὲντος.
1050 1576 1176 1618 Patet
1205 1576 1304 1618 bina
1336 1578 1441 1618 inter
1471 1591 1514 1618 se
1544 1577 1790 1632 respondere
1820 1592 1946 1620 mem-

204 1645 279 1686 bra
321 1644 484 1686 »stabili
525 1649 568 1687 et
603 1645 889 1698 immutabili«,
938 1646 1126 1687 »imitata
1164 1650 1206 1687 et
1242 1645 1426 1687 efficta«.
1487 1645 1558 1688 Sic
1588 1650 1726 1688 autem
1757 1647 1947 1700 loquitur,

205 1728 288 1756 non
318 1715 417 1768 quia
446 1728 530 1755 uno
560 1714 759 1756 vocabulo
789 1729 917 1756 unum
949 1714 1158 1757 Graecum
1188 1714 1339 1756 Latine
1378 1716 1604 1769 exprimere
1645 1729 1727 1757 non
1758 1717 1947 1769 potuerit,

205 1783 277 1825 sed
307 1782 416 1837 quod
446 1782 606 1825 duobus
635 1783 759 1838 paulo
800 1790 896 1825 ante
935 1784 1080 1838 positis
1125 1797 1207 1825 non
1248 1784 1349 1825 satis
1388 1787 1483 1838 apte
1522 1784 1770 1838 respondeat
1809 1799 1947 1826 unum.

206 1852 337 1894 Plane
369 1852 543 1894 eandem
574 1866 762 1894 normam
792 1853 955 1895 dicendi
986 1853 1177 1894 observat
1208 1852 1354 1895 Cicero
1386 1857 1489 1894 orat.
1522 1854 1629 1907 §96‚
1661 1858 1707 1895 ut
1737 1854 1820 1894 alia
1849 1867 1947 1907 quo-

210 1935 288 1975 quc
320 1925 484 1975 praeter
514 1921 732 1963 Timaeum
773 1922 840 1964 hic
870 1922 1092 1964 conferam.
1154 1922 1271 1964 Dicit
1309 1923 1417 1964 enim
1463 1927 1550 1964 »est
1586 1923 1793 1976 quoddam
1825 1924 1949 1964 etiam

206 1991 405 2044 insigne
436 1995 485 2032 ct
513 1990 705 2032 florens
732 1992 930 2032 orationis
951 1992 1137 2046 pictum
1168 1995 1217 2033 et
1246 1992 1521 2046 expolitum
1539 2006 1715 2046 genus«3
1749 1992 1952 2045 intellegit

208 2059 365 2101 scilicet
393 2073 523 2113 genus
553 2059 728 2113 dicendi,
758 2060 867 2114 quod
898 2057 1090 2117 ἀνθηρόν
1122 2059 1273 2103 Graeci
1306 2060 1586 2102 nominabant.

324 2128 386 2169 Ut
414 2132 596 2170 revertar
627 2129 680 2171 ad
712 2128 940 2181 Timaeum,
982 2144 1074 2184 pag.
1109 2130 1267 2175 101010
1304 2131 1328 2183 ξ
1360 2132 1409 2170 51
1443 2133 1609 2171 exstant
1636 2129 1755 2171 haec:
1800 2129 1950 2181 »illum,

207 2197 275 2251 qui
324 2197 718 2251 intellegentiae
764 2199 1147 2253 sapientiaeque
1193 2213 1236 2240 se
1281 2203 1508 2240 amatorem
1548 2198 1768 2253 profitetur
1803 2219 1846 2232 =
1880 2201 1951 2240 νοῦ

208 2263 283 2307 καὶ
305 2263 554 2322 ἐπιστήμης
580 2263 763 2323 ἐραστήν
793 2267 910 2319 46D,
943 2281 1108 2308 necesse
1129 2271 1192 2308 est
1223 2267 1577 2321 intellegentis
1608 2267 1950 2320 sapientisque

208 2339 379 2376 naturae
415 2355 461 2368 =
495 2333 575 2384 τὰς
615 2334 693 2391 τῆς
734 2334 948 2391 ἔμφρονος
994 2333 1167 2392 φύσεως
1211 2332 1355 2387 αἰτίας
1400 2337 1554 2390 primas
1596 2349 1742 2378 causas
1784 2336 1949 2390 conqui-

207 2418 335 2445 rere«.
396 2402 474 2445 Cui
507 2404 595 2445 loco
626 2404 832 2458 adiungas
864 2408 888 2458 ᾗ
923 2407 970 2446 11
1004 2419 1097 2459 pag.
1130 2407 1257 2450 99816
1309 2419 1485 2458 »omneS,
1526 2406 1595 2460 qui
1636 2406 1800 2446 animo
1845 2419 1949 2446 ccr-

207 2476 396 2514 nuntur
426 2477 468 2513 et
496 2474 694 2514 ratione
726 2474 1094 2528 intelleguntur
1124 2475 1367 2527 animantes,
1398 2477 1462 2529 (=
1484 2472 1539 2515 τὰ
1560 2472 1705 2531 νοητά)
1735 2474 1950 2528 complexu

208 2542 423 2582 rationis
453 2546 503 2583 et
532 2542 921 2594 intellegentiae
952 2574 960 2583 .
985 2575 1021 2583 ..
1053 2543 1494 2597 comprehenduntur«.
1553 2543 1657 2595 Iam,
1688 2547 1735 2584 ut
1752 2547 1952 2597 appareat

209 2624 282 2650 nos
314 2614 424 2651 recte
457 2610 685 2662 observare,
716 2625 900 2665 opponas
931 2626 1024 2665 pag.
1059 2614 1185 2656 99824
1222 2613 1246 2663 ξ
1281 2614 1331 2653 12
1369 2610 1516 2666 »Quod
1546 2625 1688 2653 omnes
1719 2613 1950 2653 animantes

207 2692 287 2731 eos,
318 2680 385 2732 qui
418 2680 577 2721 ratione
609 2680 905 2733 intelleguntur
931 2701 973 2714 z
1000 2678 1132 2737 νοητά
1161 2681 1268 2721 31Α
1300 2681 1596 2735 complectitur,
1629 2681 1668 2722 id
1701 2694 1782 2722 non
1814 2684 1949 2735 potest

207 2761 295 2788 esse
326 2762 419 2789 cum
440 2748 610 2789 altero«.
670 2747 806 2800 Patet,
837 2762 942 2802 quae
974 2763 1038 2789 res
1069 2749 1140 2799 sit;
1171 2763 1302 2802 neque
1324 2749 1432 2789 enim
1465 2753 1528 2790 cst
1547 2748 1784 2790 bimembris
1807 2748 1949 2798 oratio,

208 2815 280 2858 sed
311 2816 503 2870 simplex3
538 2817 674 2870 itaque
704 2821 747 2858 et
776 2817 950 2871 simplex
982 2818 1125 2860 versio.
1186 2817 1335 2860 Addas
1367 2818 1422 2858 sis
1453 2832 1545 2872 pag.
1568 2820 1674 2862 997³
1713 2818 1784 2871 ἐϋ
1821 2815 1950 2867 »idne,

208 2885 317 2939 quod
357 2899 518 2941 semper
558 2900 702 2927 unum
742 2889 793 2927 et
834 2885 957 2927 idem
997 2891 1046 2927 et
1083 2887 1161 2928 sui
1201 2886 1363 2928 simile
1399 2908 1444 2920 ==
1478 2885 1528 2928 τό
1562 2885 1674 2927 κατὰ
1709 2878 1848 2926 ταῦτά
1876 2883 1948 2926 καὶ

209 2949 418 3003 ὡσαύτως
448 2951 545 3007 ἔχον
584 2956 698 3007 29Α,
744 2969 795 2995 an
830 2954 880 3007 id,
927 2955 1035 3009 quod
1075 2958 1367 3009 generatum
1410 2959 1666 3009 ortumque
1702 2974 1746 2988 ==
1782 2949 1952 3009 γεγονός

209 3022 422 3064 dicimus«.
482 3022 604 3064 Haec
632 3037 793 3077 quoque
821 3025 1027 3065 sententia
1046 3023 1282 3066 bimembris
1313 3028 1386 3077 cst,
1416 3025 1610 3078 quoniam
1642 3022 1765 3064 verba
1800 3037 1948 3063 »unum

208 3095 251 3131 et
294 3090 424 3132 idem«
476 3092 514 3131 in
561 3106 687 3133 unam
728 3093 937 3134 notionem
981 3093 1229 3136 coalescunt.
1289 3092 1443 3135 Statim
1490 3100 1628 3134 autem
1671 3096 1764 3145 post
1806 3093 1949 3146 (997⁶)
